<PLZ:Polizas xmlns:PLZ="http://www.sat.gob.mx/esquemas/ContabilidadE/1_3/PolizasPeriodo" xmlns:xsi="http://www.w3.org/2001/XMLSchema-instance" xsi:schemaLocation="http://www.sat.gob.mx/esquemas/ContabilidadE/1_3/PolizasPeriodo http://www.sat.gob.mx/esquemas/ContabilidadE/1_3/PolizasPeriodo/PolizasPeriodo_1_3.xsd" Version="1.3" TipoSolicitud="AF" NumOrden="ABC6987654/99" Anio="2024" Mes="02" RFC="CUO160802LQ6">
    <PLZ:Poliza Fecha="2024-02-01" Concepto="Banco 5136" NumUnIdenPol="BNK1/2024/00001">
        <PLZ:Transaccion Concepto="Banco 5136 - FERRE ACEROS GRANADOS RFC:GASA711027LU2" DesCta="Banorte 5136" NumCta="102.01.07" Haber="320.00" Debe="0.00">
          </PLZ:Transaccion>
        <PLZ:Transaccion Concepto="Banco 5136 - FERRE ACEROS GRANADOS RFC:GASA711027LU2" DesCta="Gastos no deducibles (sin requisitos fiscales)                             " NumCta="601.83.01" Haber="0.00" Debe="4.21">
          </PLZ:Transaccion>
        <PLZ:Transaccion Concepto="Banco 5136 - cons/2024/02/0017" DesCta="Proveedores nacionales" NumCta="201.01.01" Haber="0.00" Debe="315.79">
          </PLZ:Transaccion>
    </PLZ:Poliza>
    <PLZ:Poliza Fecha="2024-02-01" Concepto="Operaciones varias" NumUnIdenPol="VARIO/2024/02/0002">
        <PLZ:Transaccion Concepto="Operaciones varias" DesCta="Intereses a cargo de personas morales nacional                            " NumCta="701.08.01" Haber="0.00" Debe="413062.19">
          </PLZ:Transaccion>
        <PLZ:Transaccion Concepto="Operaciones varias - INT ENE" DesCta="Acreedores diversos a corto plazo nacional                             " NumCta="205.02.01" Haber="413062.19" Debe="0.00">
          </PLZ:Transaccion>
    </PLZ:Poliza>
    <PLZ:Poliza Fecha="2024-02-02" Concepto="Banco 5136" NumUnIdenPol="BNK1/2024/00002">
        <PLZ:Transaccion Concepto="Banco 5136 - INDUST PEGADURO RFC:IPE 910308739" DesCta="Banorte 5136" NumCta="102.01.07" Haber="6300.00" Debe="0.00">
          </PLZ:Transaccion>
        <PLZ:Transaccion Concepto="Banco 5136 - cons/2024/01/0040" DesCta="Proveedores nacionales" NumCta="201.01.01" Haber="0.00" Debe="1959.01">
          </PLZ:Transaccion>
        <PLZ:Transaccion Concepto="Banco 5136 - cons/2024/01/0041" DesCta="Proveedores nacionales" NumCta="201.01.01" Haber="0.00" Debe="1959.01">
          </PLZ:Transaccion>
        <PLZ:Transaccion Concepto="Banco 5136 - cons/2024/01/0042" DesCta="Proveedores nacionales" NumCta="201.01.01" Haber="0.00" Debe="1836.98">
          </PLZ:Transaccion>
        <PLZ:Transaccion Concepto="Banco 5136 - cons/2024/01/0043" DesCta="Proveedores nacionales" NumCta="201.01.01" Haber="0.00" Debe="545.00">
          </PLZ:Transaccion>
    </PLZ:Poliza>
    <PLZ:Poliza Fecha="2024-02-02" Concepto="Pago efectivo" NumUnIdenPol="CBMX/2024/02/0136">
        <PLZ:Transaccion Concepto="Pago efectivo - 16%" DesCta="IVA pendiente de pago" NumCta="119.01.01" Haber="270.21" Debe="0.00">
          </PLZ:Transaccion>
        <PLZ:Transaccion Concepto="Pago efectivo - 16%" DesCta="IVA acreditable pagado" NumCta="118.01.01" Haber="0.00" Debe="270.21">
          </PLZ:Transaccion>
        <PLZ:Transaccion Concepto="Pago efectivo - cons/2024/01/0040" DesCta="Base Imponible de Impuestos en Base a Flujo de Efectivo" NumCta="899.01.99" Haber="1688.80" Debe="0.00">
          </PLZ:Transaccion>
        <PLZ:Transaccion Concepto="Pago efectivo - cons/2024/01/0040" DesCta="Base Imponible de Impuestos en Base a Flujo de Efectivo" NumCta="899.01.99" Haber="0.00" Debe="1688.80">
          </PLZ:Transaccion>
    </PLZ:Poliza>
    <PLZ:Poliza Fecha="2024-02-02" Concepto="Pago efectivo" NumUnIdenPol="CBMX/2024/02/0137">
        <PLZ:Transaccion Concepto="Pago efectivo - 16%" DesCta="IVA pendiente de pago" NumCta="119.01.01" Haber="270.21" Debe="0.00">
          </PLZ:Transaccion>
        <PLZ:Transaccion Concepto="Pago efectivo - 16%" DesCta="IVA acreditable pagado" NumCta="118.01.01" Haber="0.00" Debe="270.21">
          </PLZ:Transaccion>
        <PLZ:Transaccion Concepto="Pago efectivo - cons/2024/01/0041" DesCta="Base Imponible de Impuestos en Base a Flujo de Efectivo" NumCta="899.01.99" Haber="1688.80" Debe="0.00">
          </PLZ:Transaccion>
        <PLZ:Transaccion Concepto="Pago efectivo - cons/2024/01/0041" DesCta="Base Imponible de Impuestos en Base a Flujo de Efectivo" NumCta="899.01.99" Haber="0.00" Debe="1688.80">
          </PLZ:Transaccion>
    </PLZ:Poliza>
    <PLZ:Poliza Fecha="2024-02-02" Concepto="Pago efectivo" NumUnIdenPol="CBMX/2024/02/0138">
        <PLZ:Transaccion Concepto="Pago efectivo - 16%" DesCta="IVA pendiente de pago" NumCta="119.01.01" Haber="253.38" Debe="0.00">
          </PLZ:Transaccion>
        <PLZ:Transaccion Concepto="Pago efectivo - 16%" DesCta="IVA acreditable pagado" NumCta="118.01.01" Haber="0.00" Debe="253.38">
          </PLZ:Transaccion>
        <PLZ:Transaccion Concepto="Pago efectivo - cons/2024/01/0042" DesCta="Base Imponible de Impuestos en Base a Flujo de Efectivo" NumCta="899.01.99" Haber="1583.60" Debe="0.00">
          </PLZ:Transaccion>
        <PLZ:Transaccion Concepto="Pago efectivo - cons/2024/01/0042" DesCta="Base Imponible de Impuestos en Base a Flujo de Efectivo" NumCta="899.01.99" Haber="0.00" Debe="1583.60">
          </PLZ:Transaccion>
    </PLZ:Poliza>
    <PLZ:Poliza Fecha="2024-02-02" Concepto="Pago efectivo" NumUnIdenPol="CBMX/2024/02/0139">
        <PLZ:Transaccion Concepto="Pago efectivo - 16%" DesCta="IVA pendiente de pago" NumCta="119.01.01" Haber="75.17" Debe="0.00">
          </PLZ:Transaccion>
        <PLZ:Transaccion Concepto="Pago efectivo - 16%" DesCta="IVA acreditable pagado" NumCta="118.01.01" Haber="0.00" Debe="75.17">
          </PLZ:Transaccion>
        <PLZ:Transaccion Concepto="Pago efectivo - cons/2024/01/0043" DesCta="Base Imponible de Impuestos en Base a Flujo de Efectivo" NumCta="899.01.99" Haber="469.83" Debe="0.00">
          </PLZ:Transaccion>
        <PLZ:Transaccion Concepto="Pago efectivo - cons/2024/01/0043" DesCta="Base Imponible de Impuestos en Base a Flujo de Efectivo" NumCta="899.01.99" Haber="0.00" Debe="469.83">
          </PLZ:Transaccion>
    </PLZ:Poliza>
    <PLZ:Poliza Fecha="2024-02-06" Concepto="Banco 5136" NumUnIdenPol="BNK1/2024/00003">
        <PLZ:Transaccion Concepto="Banco 5136 - BNET01002402060037588745 SPEI RECIBIDO, BCO:0012 BBVA BANCOMER HR LIQ: 14:57:51 DEL CLIENTE VICTOR MANUEL CORONA OCHOA DE LA CLABE 012496001635327209 CON RFC COOV780604B88 CONCEPTO: [...]" DesCta="Banorte 5136" NumCta="102.01.07" Haber="0.00" Debe="81877.44">
          </PLZ:Transaccion>
        <PLZ:Transaccion Concepto="Banco 5136 - MUNICIPIO DE JIQUILPAN MICHOACAN102" DesCta="Clientes nacionales" NumCta="105.01.01" Haber="81874.54" Debe="0.00">
          </PLZ:Transaccion>
        <PLZ:Transaccion Concepto="Banco 5136 - MUNICIPIO DE JIQUILPAN MICHOACAN114" DesCta="Clientes nacionales" NumCta="105.01.01" Haber="2.90" Debe="0.00">
          </PLZ:Transaccion>
    </PLZ:Poliza>
    <PLZ:Poliza Fecha="2024-02-07" Concepto="Facturas de cliente" NumUnIdenPol="MUNICIPIO DE JIQUILPAN MICHOACAN99">
        <PLZ:Transaccion Concepto="Facturas de cliente - 16%" DesCta="IVA trasladado no cobrado" NumCta="209.01.01" Haber="28885.57" Debe="0.00">
            <PLZ:CompNal UUID_CFDI="C55DD07C-C874-4036-83A2-48CBC7FF710B" RFC="IIA191113HL0" MontoTotal="-28885.57"></PLZ:CompNal>
          </PLZ:Transaccion>
        <PLZ:Transaccion Concepto="Facturas de cliente - Anticipo del 50% correspondiente a la restauración de planta tratadora de aguas residuales. Incluye: excavación retiro e incorporación de membrana tuberia sanitaria de 10&#34; [...]" DesCta="Ventas y/o servicios gravados a la tasa general" NumCta="401.01.01" Haber="180534.79" Debe="0.00">
            <PLZ:CompNal UUID_CFDI="C55DD07C-C874-4036-83A2-48CBC7FF710B" RFC="IIA191113HL0" MontoTotal="-180534.79"></PLZ:CompNal>
          </PLZ:Transaccion>
        <PLZ:Transaccion Concepto="Facturas de cliente - MUNICIPIO DE JIQUILPAN MICHOACAN99" DesCta="Clientes nacionales" NumCta="105.01.01" Haber="0.00" Debe="209420.36">
            <PLZ:CompNal UUID_CFDI="C55DD07C-C874-4036-83A2-48CBC7FF710B" RFC="IIA191113HL0" MontoTotal="209420.36"></PLZ:CompNal>
          </PLZ:Transaccion>
    </PLZ:Poliza>
    <PLZ:Poliza Fecha="2024-02-07" Concepto="Banco 5136" NumUnIdenPol="BNK1/2024/00006">
        <PLZ:Transaccion Concepto="Banco 5136 - TRASPASO A CUENTA DE TERCEROS 0007022024 IVA:00000000.00 A LA CUENTA: 0616629178 Material barandales AL R.F.C. GUAA701231KI3" DesCta="Banorte 5136" NumCta="102.01.07" Haber="4800.00" Debe="0.00">
          </PLZ:Transaccion>
        <PLZ:Transaccion Concepto="Banco 5136 - cons/2024/02/0012" DesCta="Proveedores nacionales" NumCta="201.01.01" Haber="0.00" Debe="4800.00">
          </PLZ:Transaccion>
    </PLZ:Poliza>
    <PLZ:Poliza Fecha="2024-02-07" Concepto="Banco 5136" NumUnIdenPol="BNK1/2024/00005">
        <PLZ:Transaccion Concepto="Banco 5136 - TRASPASO A CUENTA DE TERCEROS 0007022024 IVA:00000000.00 A LA CUENTA: 0616629178 Material Rejillas San M AL R.F.C. GUAA701231KI3" DesCta="Banorte 5136" NumCta="102.01.07" Haber="8720.00" Debe="0.00">
          </PLZ:Transaccion>
        <PLZ:Transaccion Concepto="Banco 5136 - cons/2024/02/0011" DesCta="Proveedores nacionales" NumCta="201.01.01" Haber="0.00" Debe="8720.00">
          </PLZ:Transaccion>
    </PLZ:Poliza>
    <PLZ:Poliza Fecha="2024-02-07" Concepto="Banco 5136" NumUnIdenPol="BNK1/2024/00004">
        <PLZ:Transaccion Concepto="Banco 5136 - CHEQUE CAMARA 0000452 CC0190228 A80" DesCta="Banorte 5136" NumCta="102.01.07" Haber="36258.00" Debe="0.00">
          </PLZ:Transaccion>
        <PLZ:Transaccion Concepto="Banco 5136 - cons/2024/02/0010" DesCta="Proveedores nacionales" NumCta="201.01.01" Haber="0.00" Debe="36258.00">
          </PLZ:Transaccion>
    </PLZ:Poliza>
    <PLZ:Poliza Fecha="2024-02-08" Concepto="Facturas de cliente" NumUnIdenPol="MUNICIPIO DE JIQUILPAN MICHOACAN100">
        <PLZ:Transaccion Concepto="Facturas de cliente - 16%" DesCta="IVA trasladado no cobrado" NumCta="209.01.01" Haber="2683.14" Debe="0.00">
            <PLZ:CompNal UUID_CFDI="0BF2267C-8544-464E-A785-77401B1D84F8" RFC="MJM850101EE9" MontoTotal="-2683.14"></PLZ:CompNal>
          </PLZ:Transaccion>
        <PLZ:Transaccion Concepto="Facturas de cliente - Levantamiento topografico de predios para deslindes. Incluye: estacion total banco de nivel estadales mano de obra calificada materiales y todo lo necesario para su [...]" DesCta="Ventas y/o servicios gravados a la tasa general" NumCta="401.01.01" Haber="16769.60" Debe="0.00">
            <PLZ:CompNal UUID_CFDI="0BF2267C-8544-464E-A785-77401B1D84F8" RFC="MJM850101EE9" MontoTotal="-16769.60"></PLZ:CompNal>
          </PLZ:Transaccion>
        <PLZ:Transaccion Concepto="Facturas de cliente - MUNICIPIO DE JIQUILPAN MICHOACAN100" DesCta="Clientes nacionales" NumCta="105.01.01" Haber="0.00" Debe="19452.74">
            <PLZ:CompNal UUID_CFDI="0BF2267C-8544-464E-A785-77401B1D84F8" RFC="MJM850101EE9" MontoTotal="19452.74"></PLZ:CompNal>
          </PLZ:Transaccion>
    </PLZ:Poliza>
    <PLZ:Poliza Fecha="2024-02-08" Concepto="Facturas de cliente" NumUnIdenPol="MUNICIPIO DE JIQUILPAN MICHOACAN102">
        <PLZ:Transaccion Concepto="Facturas de cliente - 16%" DesCta="IVA trasladado no cobrado" NumCta="209.01.01" Haber="11293.04" Debe="0.00">
            <PLZ:CompNal UUID_CFDI="4CA80506-1CF7-4CFF-96AD-8A5D0A980A57" RFC="COOV780604B88" MontoTotal="-11293.04"></PLZ:CompNal>
          </PLZ:Transaccion>
        <PLZ:Transaccion Concepto="Facturas de cliente - MUNICIPIO DE JIQUILPAN MICHOACAN102" DesCta="Clientes nacionales" NumCta="105.01.01" Haber="0.00" Debe="81874.54">
            <PLZ:CompNal UUID_CFDI="4CA80506-1CF7-4CFF-96AD-8A5D0A980A57" RFC="COOV780604B88" MontoTotal="81874.54"></PLZ:CompNal>
          </PLZ:Transaccion>
        <PLZ:Transaccion Concepto="Facturas de cliente - Suministro y colocacion de tablaroca en muros y techos" DesCta="Ventas y/o servicios gravados a la tasa general" NumCta="401.01.01" Haber="70581.50" Debe="0.00">
            <PLZ:CompNal UUID_CFDI="4CA80506-1CF7-4CFF-96AD-8A5D0A980A57" RFC="COOV780604B88" MontoTotal="-70581.50"></PLZ:CompNal>
          </PLZ:Transaccion>
    </PLZ:Poliza>
    <PLZ:Poliza Fecha="2024-02-08" Concepto="Banco 5136" NumUnIdenPol="BNK1/2024/00007">
        <PLZ:Transaccion Concepto="Banco 5136 - MAD MAGALLON RFC:MAAH720713IN0" DesCta="Banorte 5136" NumCta="102.01.07" Haber="3184.00" Debe="0.00">
          </PLZ:Transaccion>
        <PLZ:Transaccion Concepto="Banco 5136 - cons/2024/02/0028" DesCta="Proveedores nacionales" NumCta="201.01.01" Haber="0.00" Debe="3184.00">
          </PLZ:Transaccion>
    </PLZ:Poliza>
    <PLZ:Poliza Fecha="2024-02-08" Concepto="Banco 5136" NumUnIdenPol="BNK1/2024/00008">
        <PLZ:Transaccion Concepto="Banco 5136 - BNET01002402080038024433 SPEI RECIBIDO, BCO:0012 BBVA BANCOMER HR LIQ: 13:15:19 DEL CLIENTE INDAMEX INDUSTRIALIZ ADORA DE ALIMENTOS DE LA CLABE 012535001142111704 CON RFC [...]" DesCta="Banorte 5136" NumCta="102.01.07" Haber="0.00" Debe="209420.36">
          </PLZ:Transaccion>
        <PLZ:Transaccion Concepto="Banco 5136 - MUNICIPIO DE JIQUILPAN MICHOACAN99" DesCta="Clientes nacionales" NumCta="105.01.01" Haber="209420.36" Debe="0.00">
          </PLZ:Transaccion>
    </PLZ:Poliza>
    <PLZ:Poliza Fecha="2024-02-08" Concepto="Pago efectivo" NumUnIdenPol="CBMX/2024/02/0133">
        <PLZ:Transaccion Concepto="Pago efectivo - 16%" DesCta="IVA trasladado no cobrado" NumCta="209.01.01" Haber="0.00" Debe="28885.57">
          </PLZ:Transaccion>
        <PLZ:Transaccion Concepto="Pago efectivo - 16%" DesCta="IVA trasladado cobrado" NumCta="208.01.01" Haber="28885.57" Debe="0.00">
          </PLZ:Transaccion>
        <PLZ:Transaccion Concepto="Pago efectivo - MUNICIPIO DE JIQUILPAN MICHOACAN99" DesCta="Base Imponible de Impuestos en Base a Flujo de Efectivo" NumCta="899.01.99" Haber="0.00" Debe="180534.79">
          </PLZ:Transaccion>
        <PLZ:Transaccion Concepto="Pago efectivo - MUNICIPIO DE JIQUILPAN MICHOACAN99" DesCta="Base Imponible de Impuestos en Base a Flujo de Efectivo" NumCta="899.01.99" Haber="180534.79" Debe="0.00">
          </PLZ:Transaccion>
    </PLZ:Poliza>
    <PLZ:Poliza Fecha="2024-02-08" Concepto="Pago efectivo" NumUnIdenPol="CBMX/2024/02/0134">
        <PLZ:Transaccion Concepto="Pago efectivo - 16%" DesCta="IVA trasladado no cobrado" NumCta="209.01.01" Haber="0.00" Debe="11293.04">
          </PLZ:Transaccion>
        <PLZ:Transaccion Concepto="Pago efectivo - 16%" DesCta="IVA trasladado cobrado" NumCta="208.01.01" Haber="11293.04" Debe="0.00">
          </PLZ:Transaccion>
        <PLZ:Transaccion Concepto="Pago efectivo - MUNICIPIO DE JIQUILPAN MICHOACAN102" DesCta="Base Imponible de Impuestos en Base a Flujo de Efectivo" NumCta="899.01.99" Haber="0.00" Debe="70581.50">
          </PLZ:Transaccion>
        <PLZ:Transaccion Concepto="Pago efectivo - MUNICIPIO DE JIQUILPAN MICHOACAN102" DesCta="Base Imponible de Impuestos en Base a Flujo de Efectivo" NumCta="899.01.99" Haber="70581.50" Debe="0.00">
          </PLZ:Transaccion>
    </PLZ:Poliza>
    <PLZ:Poliza Fecha="2024-02-09" Concepto="Banco 5136" NumUnIdenPol="BNK1/2024/00009">
        <PLZ:Transaccion Concepto="Banco 5136 - INDUST PEGADURO RFC:IPE 910308739" DesCta="Banorte 5136" NumCta="102.01.07" Haber="5752.54" Debe="0.00">
          </PLZ:Transaccion>
        <PLZ:Transaccion Concepto="Banco 5136 - INDUST PEGADURO RFC:IPE 910308739" DesCta="Gastos no deducibles (sin requisitos fiscales)                             " NumCta="601.83.01" Haber="0.00" Debe="0.04">
          </PLZ:Transaccion>
        <PLZ:Transaccion Concepto="Banco 5136 - cons/2024/02/0046" DesCta="Proveedores nacionales" NumCta="201.01.01" Haber="0.00" Debe="5752.50">
          </PLZ:Transaccion>
    </PLZ:Poliza>
    <PLZ:Poliza Fecha="2024-02-09" Concepto="Banco 5136" NumUnIdenPol="BNK1/2024/00010">
        <PLZ:Transaccion Concepto="Banco 5136 - MIREYA MI CASA RFC:MIR 950607337" DesCta="Banorte 5136" NumCta="102.01.07" Haber="4618.95" Debe="0.00">
          </PLZ:Transaccion>
        <PLZ:Transaccion Concepto="Banco 5136 - cons/2024/02/0037" DesCta="Proveedores nacionales" NumCta="201.01.01" Haber="0.00" Debe="4618.95">
          </PLZ:Transaccion>
    </PLZ:Poliza>
    <PLZ:Poliza Fecha="2024-02-09" Concepto="Banco 5136" NumUnIdenPol="BNK1/2024/00011">
        <PLZ:Transaccion Concepto="Banco 5136 - MIREYA MI CASA RFC:MIR 950607337" DesCta="Banorte 5136" NumCta="102.01.07" Haber="811.12" Debe="0.00">
          </PLZ:Transaccion>
        <PLZ:Transaccion Concepto="Banco 5136 - cons/2024/02/0038" DesCta="Proveedores nacionales" NumCta="201.01.01" Haber="0.00" Debe="811.12">
          </PLZ:Transaccion>
    </PLZ:Poliza>
    <PLZ:Poliza Fecha="2024-02-09" Concepto="Banco 5136" NumUnIdenPol="BNK1/2024/00013">
        <PLZ:Transaccion Concepto="Banco 5136 - BNET01002402090038378616 SPEI RECIBIDO, BCO:0012 BBVA BANCOMER HR LIQ: 15:23:05 DEL CLIENTE MUNICIPIO DE JIQUILP AN MICHOACAN DE LA CLABE 012470001014003128 CON RFC MJM850101EE9 [...]" DesCta="Banorte 5136" NumCta="102.01.07" Haber="0.00" Debe="16610.74">
          </PLZ:Transaccion>
        <PLZ:Transaccion Concepto="Banco 5136 - MUNICIPIO DE JIQUILPAN MICHOACAN101" DesCta="Clientes nacionales" NumCta="105.01.01" Haber="16610.74" Debe="0.00">
          </PLZ:Transaccion>
    </PLZ:Poliza>
    <PLZ:Poliza Fecha="2024-02-09" Concepto="Pago efectivo" NumUnIdenPol="CBMX/2024/02/0132">
        <PLZ:Transaccion Concepto="Pago efectivo - 16%" DesCta="IVA trasladado no cobrado" NumCta="209.01.01" Haber="0.00" Debe="2291.14">
          </PLZ:Transaccion>
        <PLZ:Transaccion Concepto="Pago efectivo - 16%" DesCta="IVA trasladado cobrado" NumCta="208.01.01" Haber="2291.14" Debe="0.00">
          </PLZ:Transaccion>
        <PLZ:Transaccion Concepto="Pago efectivo - MUNICIPIO DE JIQUILPAN MICHOACAN101" DesCta="Base Imponible de Impuestos en Base a Flujo de Efectivo" NumCta="899.01.99" Haber="0.00" Debe="14319.60">
          </PLZ:Transaccion>
        <PLZ:Transaccion Concepto="Pago efectivo - MUNICIPIO DE JIQUILPAN MICHOACAN101" DesCta="Base Imponible de Impuestos en Base a Flujo de Efectivo" NumCta="899.01.99" Haber="14319.60" Debe="0.00">
          </PLZ:Transaccion>
    </PLZ:Poliza>
    <PLZ:Poliza Fecha="2024-02-09" Concepto="Banco 5136" NumUnIdenPol="BNK1/2024/00012">
        <PLZ:Transaccion Concepto="Banco 5136 - MAD MAGALLON RFC:MAAH720713IN0" DesCta="Banorte 5136" NumCta="102.01.07" Haber="3530.00" Debe="0.00">
          </PLZ:Transaccion>
        <PLZ:Transaccion Concepto="Banco 5136 - MAD MAGALLON RFC:MAAH720713IN0" DesCta="Gastos no deducibles (sin requisitos fiscales)                             " NumCta="601.83.01" Haber="0.00" Debe="2774.98">
          </PLZ:Transaccion>
        <PLZ:Transaccion Concepto="Banco 5136 - cons/2024/01/0025" DesCta="Proveedores nacionales" NumCta="201.01.01" Haber="0.00" Debe="755.02">
          </PLZ:Transaccion>
    </PLZ:Poliza>
    <PLZ:Poliza Fecha="2024-02-09" Concepto="Pago efectivo" NumUnIdenPol="CBMX/2024/02/0135">
        <PLZ:Transaccion Concepto="Pago efectivo - 16%" DesCta="IVA pendiente de pago" NumCta="119.01.01" Haber="104.14" Debe="0.00">
          </PLZ:Transaccion>
        <PLZ:Transaccion Concepto="Pago efectivo - 16%" DesCta="IVA acreditable pagado" NumCta="118.01.01" Haber="0.00" Debe="104.14">
          </PLZ:Transaccion>
        <PLZ:Transaccion Concepto="Pago efectivo - cons/2024/01/0025" DesCta="Base Imponible de Impuestos en Base a Flujo de Efectivo" NumCta="899.01.99" Haber="650.88" Debe="0.00">
          </PLZ:Transaccion>
        <PLZ:Transaccion Concepto="Pago efectivo - cons/2024/01/0025" DesCta="Base Imponible de Impuestos en Base a Flujo de Efectivo" NumCta="899.01.99" Haber="0.00" Debe="650.88">
          </PLZ:Transaccion>
    </PLZ:Poliza>
    <PLZ:Poliza Fecha="2024-02-10" Concepto="Banco 5136" NumUnIdenPol="BNK1/2024/00015">
        <PLZ:Transaccion Concepto="Banco 5136 - COMISION ORDEN DE PAGO SPEI REFERENCIA: 0100224" DesCta="Banorte 5136" NumCta="102.01.07" Haber="5.00" Debe="0.00">
          </PLZ:Transaccion>
        <PLZ:Transaccion Concepto="Banco 5136 - cons/2024/02/0005" DesCta="Proveedores nacionales" NumCta="201.01.01" Haber="0.00" Debe="5.00">
          </PLZ:Transaccion>
    </PLZ:Poliza>
    <PLZ:Poliza Fecha="2024-02-10" Concepto="Banco 5136" NumUnIdenPol="BNK1/2024/00018">
        <PLZ:Transaccion Concepto="Banco 5136 - COMISION ORDEN DE PAGO SPEI REFERENCIA: 0100224" DesCta="Banorte 5136" NumCta="102.01.07" Haber="5.00" Debe="0.00">
          </PLZ:Transaccion>
        <PLZ:Transaccion Concepto="Banco 5136 - cons/2024/02/0005" DesCta="Proveedores nacionales" NumCta="201.01.01" Haber="0.00" Debe="5.00">
          </PLZ:Transaccion>
    </PLZ:Poliza>
    <PLZ:Poliza Fecha="2024-02-10" Concepto="Banco 5136" NumUnIdenPol="BNK1/2024/00021">
        <PLZ:Transaccion Concepto="Banco 5136 - COMISION ORDEN DE PAGO SPEI REFERENCIA: 0100224" DesCta="Banorte 5136" NumCta="102.01.07" Haber="5.00" Debe="0.00">
          </PLZ:Transaccion>
        <PLZ:Transaccion Concepto="Banco 5136 - cons/2024/02/0005" DesCta="Proveedores nacionales" NumCta="201.01.01" Haber="0.00" Debe="5.00">
          </PLZ:Transaccion>
    </PLZ:Poliza>
    <PLZ:Poliza Fecha="2024-02-10" Concepto="Banco 5136" NumUnIdenPol="BNK1/2024/00016">
        <PLZ:Transaccion Concepto="Banco 5136 - I.V.A. ORDEN DE PAGO SPEI REFERENCIA: 0100224" DesCta="Banorte 5136" NumCta="102.01.07" Haber="0.80" Debe="0.00">
          </PLZ:Transaccion>
        <PLZ:Transaccion Concepto="Banco 5136 - cons/2024/02/0005" DesCta="Proveedores nacionales" NumCta="201.01.01" Haber="0.00" Debe="0.80">
          </PLZ:Transaccion>
    </PLZ:Poliza>
    <PLZ:Poliza Fecha="2024-02-10" Concepto="Banco 5136" NumUnIdenPol="BNK1/2024/00019">
        <PLZ:Transaccion Concepto="Banco 5136 - I.V.A. ORDEN DE PAGO SPEI REFERENCIA: 0100224" DesCta="Banorte 5136" NumCta="102.01.07" Haber="0.80" Debe="0.00">
          </PLZ:Transaccion>
        <PLZ:Transaccion Concepto="Banco 5136 - cons/2024/02/0005" DesCta="Proveedores nacionales" NumCta="201.01.01" Haber="0.00" Debe="0.80">
          </PLZ:Transaccion>
    </PLZ:Poliza>
    <PLZ:Poliza Fecha="2024-02-10" Concepto="Banco 5136" NumUnIdenPol="BNK1/2024/00022">
        <PLZ:Transaccion Concepto="Banco 5136 - I.V.A. ORDEN DE PAGO SPEI REFERENCIA: 0100224" DesCta="Banorte 5136" NumCta="102.01.07" Haber="0.80" Debe="0.00">
          </PLZ:Transaccion>
        <PLZ:Transaccion Concepto="Banco 5136 - cons/2024/02/0005" DesCta="Proveedores nacionales" NumCta="201.01.01" Haber="0.00" Debe="0.80">
          </PLZ:Transaccion>
    </PLZ:Poliza>
    <PLZ:Poliza Fecha="2024-02-10" Concepto="Banco 5136" NumUnIdenPol="BNK1/2024/00020">
        <PLZ:Transaccion Concepto="Banco 5136 - COMPRA ORDEN DE PAGO SPEI 0100224 REFERENCIA CTA/CLABE: 4152313922011718, BXI SPEI BCO:012 BENEF:ED CORONA (DATO NO VERIF POR ESTA INST), Jv CVE RASTREO: 7875APR2202402102844381732 [...]" DesCta="Banorte 5136" NumCta="102.01.07" Haber="15000.00" Debe="0.00">
          </PLZ:Transaccion>
        <PLZ:Transaccion Concepto="Banco 5136 - cons/2023/08/0081" DesCta="Proveedores nacionales" NumCta="201.01.01" Haber="0.00" Debe="675.64">
          </PLZ:Transaccion>
        <PLZ:Transaccion Concepto="Banco 5136 - cons/2023/08/0082" DesCta="Proveedores nacionales" NumCta="201.01.01" Haber="0.00" Debe="14031.92">
          </PLZ:Transaccion>
        <PLZ:Transaccion Concepto="Banco 5136 - cons/2024/01/0052" DesCta="Proveedores nacionales" NumCta="201.01.01" Haber="0.00" Debe="292.44">
          </PLZ:Transaccion>
    </PLZ:Poliza>
    <PLZ:Poliza Fecha="2024-02-10" Concepto="Pago efectivo" NumUnIdenPol="CBMX/2024/02/0161">
        <PLZ:Transaccion Concepto="Pago efectivo - 16%" DesCta="IVA pendiente de pago" NumCta="119.01.01" Haber="1935.44" Debe="0.00">
          </PLZ:Transaccion>
        <PLZ:Transaccion Concepto="Pago efectivo - 16%" DesCta="IVA acreditable pagado" NumCta="118.01.01" Haber="0.00" Debe="1935.44">
          </PLZ:Transaccion>
        <PLZ:Transaccion Concepto="Pago efectivo - cons/2023/08/0082" DesCta="Base Imponible de Impuestos en Base a Flujo de Efectivo" NumCta="899.01.99" Haber="12096.48" Debe="0.00">
          </PLZ:Transaccion>
        <PLZ:Transaccion Concepto="Pago efectivo - cons/2023/08/0082" DesCta="Base Imponible de Impuestos en Base a Flujo de Efectivo" NumCta="899.01.99" Haber="0.00" Debe="12096.48">
          </PLZ:Transaccion>
    </PLZ:Poliza>
    <PLZ:Poliza Fecha="2024-02-10" Concepto="Pago efectivo" NumUnIdenPol="CBMX/2024/02/0162">
        <PLZ:Transaccion Concepto="Pago efectivo - 16%" DesCta="IVA pendiente de pago" NumCta="119.01.01" Haber="40.34" Debe="0.00">
          </PLZ:Transaccion>
        <PLZ:Transaccion Concepto="Pago efectivo - 16%" DesCta="IVA acreditable pagado" NumCta="118.01.01" Haber="0.00" Debe="40.34">
          </PLZ:Transaccion>
        <PLZ:Transaccion Concepto="Pago efectivo - cons/2024/01/0052" DesCta="Base Imponible de Impuestos en Base a Flujo de Efectivo" NumCta="899.01.99" Haber="252.10" Debe="0.00">
          </PLZ:Transaccion>
        <PLZ:Transaccion Concepto="Pago efectivo - cons/2024/01/0052" DesCta="Base Imponible de Impuestos en Base a Flujo de Efectivo" NumCta="899.01.99" Haber="0.00" Debe="252.10">
          </PLZ:Transaccion>
    </PLZ:Poliza>
    <PLZ:Poliza Fecha="2024-02-10" Concepto="Pago efectivo" NumUnIdenPol="CBMX/2024/02/0163">
        <PLZ:Transaccion Concepto="Pago efectivo - 16%" DesCta="IVA pendiente de pago" NumCta="119.01.01" Haber="93.19" Debe="0.00">
          </PLZ:Transaccion>
        <PLZ:Transaccion Concepto="Pago efectivo - 16%" DesCta="IVA acreditable pagado" NumCta="118.01.01" Haber="0.00" Debe="93.19">
          </PLZ:Transaccion>
        <PLZ:Transaccion Concepto="Pago efectivo - cons/2023/08/0081" DesCta="Base Imponible de Impuestos en Base a Flujo de Efectivo" NumCta="899.01.99" Haber="582.45" Debe="0.00">
          </PLZ:Transaccion>
        <PLZ:Transaccion Concepto="Pago efectivo - cons/2023/08/0081" DesCta="Base Imponible de Impuestos en Base a Flujo de Efectivo" NumCta="899.01.99" Haber="0.00" Debe="582.45">
          </PLZ:Transaccion>
    </PLZ:Poliza>
    <PLZ:Poliza Fecha="2024-02-10" Concepto="Banco 5136" NumUnIdenPol="BNK1/2024/00017">
        <PLZ:Transaccion Concepto="Banco 5136 - COMPRA ORDEN DE PAGO SPEI 0100224 =REFERENCIA CTA/CLABE: 4152313922011718 BXI SPEI BCO:012 BENEF:ED CORONA (DATO NO VERIF POR ESTA INST), Ef CVE RASTREO: 7875APR2202402102844054298 [...]" DesCta="Banorte 5136" NumCta="102.01.07" Haber="10000.00" Debe="0.00">
          </PLZ:Transaccion>
        <PLZ:Transaccion Concepto="Banco 5136 - cons/2024/01/0054" DesCta="Proveedores nacionales" NumCta="201.01.01" Haber="0.00" Debe="2819.44">
          </PLZ:Transaccion>
        <PLZ:Transaccion Concepto="Banco 5136 - cons/2024/01/0055" DesCta="Proveedores nacionales" NumCta="201.01.01" Haber="0.00" Debe="559.99">
          </PLZ:Transaccion>
        <PLZ:Transaccion Concepto="Banco 5136 - cons/2024/01/0056" DesCta="Proveedores nacionales" NumCta="201.01.01" Haber="0.00" Debe="6620.57">
          </PLZ:Transaccion>
    </PLZ:Poliza>
    <PLZ:Poliza Fecha="2024-02-10" Concepto="Pago efectivo" NumUnIdenPol="CBMX/2024/02/0170">
        <PLZ:Transaccion Concepto="Pago efectivo - 16%" DesCta="IVA pendiente de pago" NumCta="119.01.01" Haber="388.89" Debe="0.00">
          </PLZ:Transaccion>
        <PLZ:Transaccion Concepto="Pago efectivo - 16%" DesCta="IVA acreditable pagado" NumCta="118.01.01" Haber="0.00" Debe="388.89">
          </PLZ:Transaccion>
        <PLZ:Transaccion Concepto="Pago efectivo - cons/2024/01/0054" DesCta="Base Imponible de Impuestos en Base a Flujo de Efectivo" NumCta="899.01.99" Haber="2430.55" Debe="0.00">
          </PLZ:Transaccion>
        <PLZ:Transaccion Concepto="Pago efectivo - cons/2024/01/0054" DesCta="Base Imponible de Impuestos en Base a Flujo de Efectivo" NumCta="899.01.99" Haber="0.00" Debe="2430.55">
          </PLZ:Transaccion>
    </PLZ:Poliza>
    <PLZ:Poliza Fecha="2024-02-10" Concepto="Pago efectivo" NumUnIdenPol="CBMX/2024/02/0171">
        <PLZ:Transaccion Concepto="Pago efectivo - 16%" DesCta="IVA pendiente de pago" NumCta="119.01.01" Haber="77.24" Debe="0.00">
          </PLZ:Transaccion>
        <PLZ:Transaccion Concepto="Pago efectivo - 16%" DesCta="IVA acreditable pagado" NumCta="118.01.01" Haber="0.00" Debe="77.24">
          </PLZ:Transaccion>
        <PLZ:Transaccion Concepto="Pago efectivo - cons/2024/01/0055" DesCta="Base Imponible de Impuestos en Base a Flujo de Efectivo" NumCta="899.01.99" Haber="482.75" Debe="0.00">
          </PLZ:Transaccion>
        <PLZ:Transaccion Concepto="Pago efectivo - cons/2024/01/0055" DesCta="Base Imponible de Impuestos en Base a Flujo de Efectivo" NumCta="899.01.99" Haber="0.00" Debe="482.75">
          </PLZ:Transaccion>
    </PLZ:Poliza>
    <PLZ:Poliza Fecha="2024-02-10" Concepto="Pago efectivo" NumUnIdenPol="CBMX/2024/02/0172">
        <PLZ:Transaccion Concepto="Pago efectivo - 16%" DesCta="IVA pendiente de pago" NumCta="119.01.01" Haber="913.18" Debe="0.00">
          </PLZ:Transaccion>
        <PLZ:Transaccion Concepto="Pago efectivo - 16%" DesCta="IVA acreditable pagado" NumCta="118.01.01" Haber="0.00" Debe="913.18">
          </PLZ:Transaccion>
        <PLZ:Transaccion Concepto="Pago efectivo - cons/2024/01/0056" DesCta="Base Imponible de Impuestos en Base a Flujo de Efectivo" NumCta="899.01.99" Haber="5707.39" Debe="0.00">
          </PLZ:Transaccion>
        <PLZ:Transaccion Concepto="Pago efectivo - cons/2024/01/0056" DesCta="Base Imponible de Impuestos en Base a Flujo de Efectivo" NumCta="899.01.99" Haber="0.00" Debe="5707.39">
          </PLZ:Transaccion>
    </PLZ:Poliza>
    <PLZ:Poliza Fecha="2024-02-10" Concepto="Banco 5136" NumUnIdenPol="BNK1/2024/00014">
        <PLZ:Transaccion Concepto="Banco 5136 - COMPRA ORDEN DE PAGO SPEI 0100224 =REFERENCIA CTA/CLABE: 4152313922011718 BXI SPEI BCO:012 BENEF:ED CORONA (DATO NO VERIF POR ESTA INST), No CVE RASTREO: 7875APR2202402102844012798 [...]" DesCta="Banorte 5136" NumCta="102.01.07" Haber="15000.00" Debe="0.00">
          </PLZ:Transaccion>
        <PLZ:Transaccion Concepto="Banco 5136 - cons/2024/01/0043" DesCta="Proveedores nacionales" NumCta="201.01.01" Haber="0.00" Debe="674.79">
          </PLZ:Transaccion>
        <PLZ:Transaccion Concepto="Banco 5136 - cons/2024/01/0044" DesCta="Proveedores nacionales" NumCta="201.01.01" Haber="0.00" Debe="1856.00">
          </PLZ:Transaccion>
        <PLZ:Transaccion Concepto="Banco 5136 - cons/2024/01/0045" DesCta="Proveedores nacionales" NumCta="201.01.01" Haber="0.00" Debe="1831.99">
          </PLZ:Transaccion>
        <PLZ:Transaccion Concepto="Banco 5136 - cons/2024/01/0046" DesCta="Proveedores nacionales" NumCta="201.01.01" Haber="0.00" Debe="4127.98">
          </PLZ:Transaccion>
        <PLZ:Transaccion Concepto="Banco 5136 - cons/2024/01/0047" DesCta="Proveedores nacionales" NumCta="201.01.01" Haber="0.00" Debe="3387.29">
          </PLZ:Transaccion>
        <PLZ:Transaccion Concepto="Banco 5136 - cons/2024/01/0056" DesCta="Proveedores nacionales" NumCta="201.01.01" Haber="0.00" Debe="3121.95">
          </PLZ:Transaccion>
    </PLZ:Poliza>
    <PLZ:Poliza Fecha="2024-02-10" Concepto="Pago efectivo" NumUnIdenPol="CBMX/2024/02/0174">
        <PLZ:Transaccion Concepto="Pago efectivo - 16%" DesCta="IVA pendiente de pago" NumCta="119.01.01" Haber="430.62" Debe="0.00">
          </PLZ:Transaccion>
        <PLZ:Transaccion Concepto="Pago efectivo - 16%" DesCta="IVA acreditable pagado" NumCta="118.01.01" Haber="0.00" Debe="430.62">
          </PLZ:Transaccion>
        <PLZ:Transaccion Concepto="Pago efectivo - cons/2024/01/0056" DesCta="Base Imponible de Impuestos en Base a Flujo de Efectivo" NumCta="899.01.99" Haber="2691.33" Debe="0.00">
          </PLZ:Transaccion>
        <PLZ:Transaccion Concepto="Pago efectivo - cons/2024/01/0056" DesCta="Base Imponible de Impuestos en Base a Flujo de Efectivo" NumCta="899.01.99" Haber="0.00" Debe="2691.33">
          </PLZ:Transaccion>
    </PLZ:Poliza>
    <PLZ:Poliza Fecha="2024-02-10" Concepto="Pago efectivo" NumUnIdenPol="CBMX/2024/02/0175">
        <PLZ:Transaccion Concepto="Pago efectivo - 16%" DesCta="IVA pendiente de pago" NumCta="119.01.01" Haber="93.07" Debe="0.00">
          </PLZ:Transaccion>
        <PLZ:Transaccion Concepto="Pago efectivo - 16%" DesCta="IVA acreditable pagado" NumCta="118.01.01" Haber="0.00" Debe="93.07">
          </PLZ:Transaccion>
        <PLZ:Transaccion Concepto="Pago efectivo - cons/2024/01/0043" DesCta="Base Imponible de Impuestos en Base a Flujo de Efectivo" NumCta="899.01.99" Haber="581.72" Debe="0.00">
          </PLZ:Transaccion>
        <PLZ:Transaccion Concepto="Pago efectivo - cons/2024/01/0043" DesCta="Base Imponible de Impuestos en Base a Flujo de Efectivo" NumCta="899.01.99" Haber="0.00" Debe="581.72">
          </PLZ:Transaccion>
    </PLZ:Poliza>
    <PLZ:Poliza Fecha="2024-02-10" Concepto="Pago efectivo" NumUnIdenPol="CBMX/2024/02/0176">
        <PLZ:Transaccion Concepto="Pago efectivo - 16%" DesCta="IVA pendiente de pago" NumCta="119.01.01" Haber="256.00" Debe="0.00">
          </PLZ:Transaccion>
        <PLZ:Transaccion Concepto="Pago efectivo - 16%" DesCta="IVA acreditable pagado" NumCta="118.01.01" Haber="0.00" Debe="256.00">
          </PLZ:Transaccion>
        <PLZ:Transaccion Concepto="Pago efectivo - cons/2024/01/0044" DesCta="Base Imponible de Impuestos en Base a Flujo de Efectivo" NumCta="899.01.99" Haber="1600.00" Debe="0.00">
          </PLZ:Transaccion>
        <PLZ:Transaccion Concepto="Pago efectivo - cons/2024/01/0044" DesCta="Base Imponible de Impuestos en Base a Flujo de Efectivo" NumCta="899.01.99" Haber="0.00" Debe="1600.00">
          </PLZ:Transaccion>
    </PLZ:Poliza>
    <PLZ:Poliza Fecha="2024-02-10" Concepto="Pago efectivo" NumUnIdenPol="CBMX/2024/02/0177">
        <PLZ:Transaccion Concepto="Pago efectivo - 16%" DesCta="IVA pendiente de pago" NumCta="119.01.01" Haber="252.69" Debe="0.00">
          </PLZ:Transaccion>
        <PLZ:Transaccion Concepto="Pago efectivo - 16%" DesCta="IVA acreditable pagado" NumCta="118.01.01" Haber="0.00" Debe="252.69">
          </PLZ:Transaccion>
        <PLZ:Transaccion Concepto="Pago efectivo - cons/2024/01/0045" DesCta="Base Imponible de Impuestos en Base a Flujo de Efectivo" NumCta="899.01.99" Haber="1579.30" Debe="0.00">
          </PLZ:Transaccion>
        <PLZ:Transaccion Concepto="Pago efectivo - cons/2024/01/0045" DesCta="Base Imponible de Impuestos en Base a Flujo de Efectivo" NumCta="899.01.99" Haber="0.00" Debe="1579.30">
          </PLZ:Transaccion>
    </PLZ:Poliza>
    <PLZ:Poliza Fecha="2024-02-10" Concepto="Pago efectivo" NumUnIdenPol="CBMX/2024/02/0178">
        <PLZ:Transaccion Concepto="Pago efectivo - 16%" DesCta="IVA pendiente de pago" NumCta="119.01.01" Haber="569.38" Debe="0.00">
          </PLZ:Transaccion>
        <PLZ:Transaccion Concepto="Pago efectivo - 16%" DesCta="IVA acreditable pagado" NumCta="118.01.01" Haber="0.00" Debe="569.38">
          </PLZ:Transaccion>
        <PLZ:Transaccion Concepto="Pago efectivo - cons/2024/01/0046" DesCta="Base Imponible de Impuestos en Base a Flujo de Efectivo" NumCta="899.01.99" Haber="3558.60" Debe="0.00">
          </PLZ:Transaccion>
        <PLZ:Transaccion Concepto="Pago efectivo - cons/2024/01/0046" DesCta="Base Imponible de Impuestos en Base a Flujo de Efectivo" NumCta="899.01.99" Haber="0.00" Debe="3558.60">
          </PLZ:Transaccion>
    </PLZ:Poliza>
    <PLZ:Poliza Fecha="2024-02-10" Concepto="Pago efectivo" NumUnIdenPol="CBMX/2024/02/0179">
        <PLZ:Transaccion Concepto="Pago efectivo - 16%" DesCta="IVA pendiente de pago" NumCta="119.01.01" Haber="467.22" Debe="0.00">
          </PLZ:Transaccion>
        <PLZ:Transaccion Concepto="Pago efectivo - 16%" DesCta="IVA acreditable pagado" NumCta="118.01.01" Haber="0.00" Debe="467.22">
          </PLZ:Transaccion>
        <PLZ:Transaccion Concepto="Pago efectivo - cons/2024/01/0047" DesCta="Base Imponible de Impuestos en Base a Flujo de Efectivo" NumCta="899.01.99" Haber="2920.08" Debe="0.00">
          </PLZ:Transaccion>
        <PLZ:Transaccion Concepto="Pago efectivo - cons/2024/01/0047" DesCta="Base Imponible de Impuestos en Base a Flujo de Efectivo" NumCta="899.01.99" Haber="0.00" Debe="2920.08">
          </PLZ:Transaccion>
    </PLZ:Poliza>
    <PLZ:Poliza Fecha="2024-02-12" Concepto="Banco 5136" NumUnIdenPol="BNK1/2024/00024">
        <PLZ:Transaccion Concepto="Banco 5136 - INDUST PEGADURO RFC:IPE 910308739" DesCta="Banorte 5136" NumCta="102.01.07" Haber="3099.00" Debe="0.00">
          </PLZ:Transaccion>
        <PLZ:Transaccion Concepto="Banco 5136 - INDUST PEGADURO RFC:IPE 910308739" DesCta="Gastos no deducibles (sin requisitos fiscales)                             " NumCta="601.83.01" Haber="0.00" Debe="0.06">
          </PLZ:Transaccion>
        <PLZ:Transaccion Concepto="Banco 5136 - cons/2024/02/0048" DesCta="Proveedores nacionales" NumCta="201.01.01" Haber="0.00" Debe="3098.94">
          </PLZ:Transaccion>
    </PLZ:Poliza>
    <PLZ:Poliza Fecha="2024-02-12" Concepto="Banco 5136" NumUnIdenPol="BNK1/2024/00023">
        <PLZ:Transaccion Concepto="Banco 5136 - INDUST PEGADURO RFC:IPE 910308739" DesCta="Banorte 5136" NumCta="102.01.07" Haber="6761.70" Debe="0.00">
          </PLZ:Transaccion>
        <PLZ:Transaccion Concepto="Banco 5136 - cons/2024/02/0047" DesCta="Proveedores nacionales" NumCta="201.01.01" Haber="0.00" Debe="6761.64">
          </PLZ:Transaccion>
        <PLZ:Transaccion Concepto="Banco 5136 - cons/2024/02/0049" DesCta="Proveedores nacionales" NumCta="201.01.01" Haber="0.00" Debe="0.06">
          </PLZ:Transaccion>
    </PLZ:Poliza>
    <PLZ:Poliza Fecha="2024-02-12" Concepto="Banco 5136" NumUnIdenPol="BNK1/2024/00027">
        <PLZ:Transaccion Concepto="Banco 5136 - COMISION ORDEN DE PAGO SPEI REFERENCIA: 0120224" DesCta="Banorte 5136" NumCta="102.01.07" Haber="5.00" Debe="0.00">
          </PLZ:Transaccion>
        <PLZ:Transaccion Concepto="Banco 5136 - cons/2024/02/0005" DesCta="Proveedores nacionales" NumCta="201.01.01" Haber="0.00" Debe="5.00">
          </PLZ:Transaccion>
    </PLZ:Poliza>
    <PLZ:Poliza Fecha="2024-02-12" Concepto="Banco 5136" NumUnIdenPol="BNK1/2024/00030">
        <PLZ:Transaccion Concepto="Banco 5136 - COMISION ORDEN DE PAGO SPEI REFERENCIA: 0120224" DesCta="Banorte 5136" NumCta="102.01.07" Haber="5.00" Debe="0.00">
          </PLZ:Transaccion>
        <PLZ:Transaccion Concepto="Banco 5136 - cons/2024/02/0005" DesCta="Proveedores nacionales" NumCta="201.01.01" Haber="0.00" Debe="5.00">
          </PLZ:Transaccion>
    </PLZ:Poliza>
    <PLZ:Poliza Fecha="2024-02-12" Concepto="Banco 5136" NumUnIdenPol="BNK1/2024/00028">
        <PLZ:Transaccion Concepto="Banco 5136 - I.V.A. ORDEN DE PAGO SPEI REFERENCIA: 0120224" DesCta="Banorte 5136" NumCta="102.01.07" Haber="0.80" Debe="0.00">
          </PLZ:Transaccion>
        <PLZ:Transaccion Concepto="Banco 5136 - cons/2024/02/0005" DesCta="Proveedores nacionales" NumCta="201.01.01" Haber="0.00" Debe="0.80">
          </PLZ:Transaccion>
    </PLZ:Poliza>
    <PLZ:Poliza Fecha="2024-02-12" Concepto="Banco 5136" NumUnIdenPol="BNK1/2024/00031">
        <PLZ:Transaccion Concepto="Banco 5136 - I.V.A. ORDEN DE PAGO SPEI REFERENCIA: 0120224" DesCta="Banorte 5136" NumCta="102.01.07" Haber="0.80" Debe="0.00">
          </PLZ:Transaccion>
        <PLZ:Transaccion Concepto="Banco 5136 - cons/2024/02/0005" DesCta="Proveedores nacionales" NumCta="201.01.01" Haber="0.00" Debe="0.80">
          </PLZ:Transaccion>
    </PLZ:Poliza>
    <PLZ:Poliza Fecha="2024-02-12" Concepto="Banco 5136" NumUnIdenPol="BNK1/2024/00029">
        <PLZ:Transaccion Concepto="Banco 5136 - COMPRA ORDEN DE PAGO SPEI 0120224 =REFERENCIA CTA/CLABE: 4152313922011718, BXI SPEI BCO:012 BENEF:ED CORONA (DATO NO VERIF POR ESTA INST), Nati CVE RASTREO: [...]" DesCta="Banorte 5136" NumCta="102.01.07" Haber="9000.00" Debe="0.00">
          </PLZ:Transaccion>
        <PLZ:Transaccion Concepto="Banco 5136 - cons/2024/01/0047" DesCta="Proveedores nacionales" NumCta="201.01.01" Haber="0.00" Debe="740.69">
          </PLZ:Transaccion>
        <PLZ:Transaccion Concepto="Banco 5136 - cons/2024/01/0049" DesCta="Proveedores nacionales" NumCta="201.01.01" Haber="0.00" Debe="4127.98">
          </PLZ:Transaccion>
        <PLZ:Transaccion Concepto="Banco 5136 - cons/2024/01/0050" DesCta="Proveedores nacionales" NumCta="201.01.01" Haber="0.00" Debe="4131.33">
          </PLZ:Transaccion>
    </PLZ:Poliza>
    <PLZ:Poliza Fecha="2024-02-12" Concepto="Pago efectivo" NumUnIdenPol="CBMX/2024/02/0180">
        <PLZ:Transaccion Concepto="Pago efectivo - 16%" DesCta="IVA pendiente de pago" NumCta="119.01.01" Haber="102.16" Debe="0.00">
          </PLZ:Transaccion>
        <PLZ:Transaccion Concepto="Pago efectivo - 16%" DesCta="IVA acreditable pagado" NumCta="118.01.01" Haber="0.00" Debe="102.16">
          </PLZ:Transaccion>
        <PLZ:Transaccion Concepto="Pago efectivo - cons/2024/01/0047" DesCta="Base Imponible de Impuestos en Base a Flujo de Efectivo" NumCta="899.01.99" Haber="638.52" Debe="0.00">
          </PLZ:Transaccion>
        <PLZ:Transaccion Concepto="Pago efectivo - cons/2024/01/0047" DesCta="Base Imponible de Impuestos en Base a Flujo de Efectivo" NumCta="899.01.99" Haber="0.00" Debe="638.52">
          </PLZ:Transaccion>
    </PLZ:Poliza>
    <PLZ:Poliza Fecha="2024-02-12" Concepto="Pago efectivo" NumUnIdenPol="CBMX/2024/02/0181">
        <PLZ:Transaccion Concepto="Pago efectivo - 16%" DesCta="IVA pendiente de pago" NumCta="119.01.01" Haber="569.38" Debe="0.00">
          </PLZ:Transaccion>
        <PLZ:Transaccion Concepto="Pago efectivo - 16%" DesCta="IVA acreditable pagado" NumCta="118.01.01" Haber="0.00" Debe="569.38">
          </PLZ:Transaccion>
        <PLZ:Transaccion Concepto="Pago efectivo - cons/2024/01/0049" DesCta="Base Imponible de Impuestos en Base a Flujo de Efectivo" NumCta="899.01.99" Haber="3558.60" Debe="0.00">
          </PLZ:Transaccion>
        <PLZ:Transaccion Concepto="Pago efectivo - cons/2024/01/0049" DesCta="Base Imponible de Impuestos en Base a Flujo de Efectivo" NumCta="899.01.99" Haber="0.00" Debe="3558.60">
          </PLZ:Transaccion>
    </PLZ:Poliza>
    <PLZ:Poliza Fecha="2024-02-12" Concepto="Pago efectivo" NumUnIdenPol="CBMX/2024/02/0182">
        <PLZ:Transaccion Concepto="Pago efectivo - 16%" DesCta="IVA pendiente de pago" NumCta="119.01.01" Haber="569.84" Debe="0.00">
          </PLZ:Transaccion>
        <PLZ:Transaccion Concepto="Pago efectivo - 16%" DesCta="IVA acreditable pagado" NumCta="118.01.01" Haber="0.00" Debe="569.84">
          </PLZ:Transaccion>
        <PLZ:Transaccion Concepto="Pago efectivo - cons/2024/01/0050" DesCta="Base Imponible de Impuestos en Base a Flujo de Efectivo" NumCta="899.01.99" Haber="3561.49" Debe="0.00">
          </PLZ:Transaccion>
        <PLZ:Transaccion Concepto="Pago efectivo - cons/2024/01/0050" DesCta="Base Imponible de Impuestos en Base a Flujo de Efectivo" NumCta="899.01.99" Haber="0.00" Debe="3561.49">
          </PLZ:Transaccion>
    </PLZ:Poliza>
    <PLZ:Poliza Fecha="2024-02-12" Concepto="Banco 5136" NumUnIdenPol="BNK1/2024/00026">
        <PLZ:Transaccion Concepto="Banco 5136 - COMPRA ORDEN DE PAGO SPEI 0120224 =REFERENCIA CTA/CLABE: 4152313922011718, BXI SPEI BCO:012 BENEF:ED CORONA (DATO NO VERIF POR ESTA INST), E CVE RASTREO: 7875APR1202402122846347298 [...]" DesCta="Banorte 5136" NumCta="102.01.07" Haber="13000.00" Debe="0.00">
          </PLZ:Transaccion>
        <PLZ:Transaccion Concepto="Banco 5136 - cons/2024/01/0020" DesCta="Proveedores nacionales" NumCta="201.01.01" Haber="0.00" Debe="5084.21">
          </PLZ:Transaccion>
        <PLZ:Transaccion Concepto="Banco 5136 - cons/2024/01/0021" DesCta="Proveedores nacionales" NumCta="201.01.01" Haber="0.00" Debe="2503.38">
          </PLZ:Transaccion>
        <PLZ:Transaccion Concepto="Banco 5136 - cons/2024/01/0022" DesCta="Proveedores nacionales" NumCta="201.01.01" Haber="0.00" Debe="2643.77">
          </PLZ:Transaccion>
        <PLZ:Transaccion Concepto="Banco 5136 - cons/2024/01/0050" DesCta="Proveedores nacionales" NumCta="201.01.01" Haber="0.00" Debe="2768.64">
          </PLZ:Transaccion>
    </PLZ:Poliza>
    <PLZ:Poliza Fecha="2024-02-12" Concepto="Pago efectivo" NumUnIdenPol="CBMX/2024/02/0183">
        <PLZ:Transaccion Concepto="Pago efectivo - 16%" DesCta="IVA pendiente de pago" NumCta="119.01.01" Haber="381.88" Debe="0.00">
          </PLZ:Transaccion>
        <PLZ:Transaccion Concepto="Pago efectivo - 16%" DesCta="IVA acreditable pagado" NumCta="118.01.01" Haber="0.00" Debe="381.88">
          </PLZ:Transaccion>
        <PLZ:Transaccion Concepto="Pago efectivo - cons/2024/01/0050" DesCta="Base Imponible de Impuestos en Base a Flujo de Efectivo" NumCta="899.01.99" Haber="2386.76" Debe="0.00">
          </PLZ:Transaccion>
        <PLZ:Transaccion Concepto="Pago efectivo - cons/2024/01/0050" DesCta="Base Imponible de Impuestos en Base a Flujo de Efectivo" NumCta="899.01.99" Haber="0.00" Debe="2386.76">
          </PLZ:Transaccion>
    </PLZ:Poliza>
    <PLZ:Poliza Fecha="2024-02-12" Concepto="Pago efectivo" NumUnIdenPol="CBMX/2024/02/0184">
        <PLZ:Transaccion Concepto="Pago efectivo - 16%" DesCta="IVA pendiente de pago" NumCta="119.01.01" Haber="701.27" Debe="0.00">
          </PLZ:Transaccion>
        <PLZ:Transaccion Concepto="Pago efectivo - 16%" DesCta="IVA acreditable pagado" NumCta="118.01.01" Haber="0.00" Debe="701.27">
          </PLZ:Transaccion>
        <PLZ:Transaccion Concepto="Pago efectivo - cons/2024/01/0020" DesCta="Base Imponible de Impuestos en Base a Flujo de Efectivo" NumCta="899.01.99" Haber="4382.94" Debe="0.00">
          </PLZ:Transaccion>
        <PLZ:Transaccion Concepto="Pago efectivo - cons/2024/01/0020" DesCta="Base Imponible de Impuestos en Base a Flujo de Efectivo" NumCta="899.01.99" Haber="0.00" Debe="4382.94">
          </PLZ:Transaccion>
    </PLZ:Poliza>
    <PLZ:Poliza Fecha="2024-02-12" Concepto="Pago efectivo" NumUnIdenPol="CBMX/2024/02/0185">
        <PLZ:Transaccion Concepto="Pago efectivo - 16%" DesCta="IVA pendiente de pago" NumCta="119.01.01" Haber="345.29" Debe="0.00">
          </PLZ:Transaccion>
        <PLZ:Transaccion Concepto="Pago efectivo - 16%" DesCta="IVA acreditable pagado" NumCta="118.01.01" Haber="0.00" Debe="345.29">
          </PLZ:Transaccion>
        <PLZ:Transaccion Concepto="Pago efectivo - cons/2024/01/0021" DesCta="Base Imponible de Impuestos en Base a Flujo de Efectivo" NumCta="899.01.99" Haber="2158.09" Debe="0.00">
          </PLZ:Transaccion>
        <PLZ:Transaccion Concepto="Pago efectivo - cons/2024/01/0021" DesCta="Base Imponible de Impuestos en Base a Flujo de Efectivo" NumCta="899.01.99" Haber="0.00" Debe="2158.09">
          </PLZ:Transaccion>
    </PLZ:Poliza>
    <PLZ:Poliza Fecha="2024-02-12" Concepto="Pago efectivo" NumUnIdenPol="CBMX/2024/02/0186">
        <PLZ:Transaccion Concepto="Pago efectivo - 16%" DesCta="IVA pendiente de pago" NumCta="119.01.01" Haber="364.66" Debe="0.00">
          </PLZ:Transaccion>
        <PLZ:Transaccion Concepto="Pago efectivo - 16%" DesCta="IVA acreditable pagado" NumCta="118.01.01" Haber="0.00" Debe="364.66">
          </PLZ:Transaccion>
        <PLZ:Transaccion Concepto="Pago efectivo - cons/2024/01/0022" DesCta="Base Imponible de Impuestos en Base a Flujo de Efectivo" NumCta="899.01.99" Haber="2279.11" Debe="0.00">
          </PLZ:Transaccion>
        <PLZ:Transaccion Concepto="Pago efectivo - cons/2024/01/0022" DesCta="Base Imponible de Impuestos en Base a Flujo de Efectivo" NumCta="899.01.99" Haber="0.00" Debe="2279.11">
          </PLZ:Transaccion>
    </PLZ:Poliza>
    <PLZ:Poliza Fecha="2024-02-12" Concepto="Banco 5136" NumUnIdenPol="BNK1/2024/00025">
        <PLZ:Transaccion Concepto="Banco 5136 - PAYCLIP*ALIM Y BEBIDAS RFC:BLI 120726UF6" DesCta="Banorte 5136" NumCta="102.01.07" Haber="5700.00" Debe="0.00">
          </PLZ:Transaccion>
        <PLZ:Transaccion Concepto="Banco 5136 - PAYCLIP*ALIM Y BEBIDAS RFC:BLI 120726UF6" DesCta="Acreedores diversos a corto plazo nacional                             " NumCta="205.02.01" Haber="0.00" Debe="5700.00">
          </PLZ:Transaccion>
    </PLZ:Poliza>
    <PLZ:Poliza Fecha="2024-02-13" Concepto="Banco 5136" NumUnIdenPol="BNK1/2024/00033">
        <PLZ:Transaccion Concepto="Banco 5136 - COMISION ORDEN DE PAGO SPEI REFERENCIA: 0130224" DesCta="Banorte 5136" NumCta="102.01.07" Haber="5.00" Debe="0.00">
          </PLZ:Transaccion>
        <PLZ:Transaccion Concepto="Banco 5136 - cons/2024/02/0005" DesCta="Proveedores nacionales" NumCta="201.01.01" Haber="0.00" Debe="5.00">
          </PLZ:Transaccion>
    </PLZ:Poliza>
    <PLZ:Poliza Fecha="2024-02-13" Concepto="Banco 5136" NumUnIdenPol="BNK1/2024/00034">
        <PLZ:Transaccion Concepto="Banco 5136 - I.V.A. ORDEN DE PAGO SPEI REFERENCIA: 0130224" DesCta="Banorte 5136" NumCta="102.01.07" Haber="0.80" Debe="0.00">
          </PLZ:Transaccion>
        <PLZ:Transaccion Concepto="Banco 5136 - cons/2024/02/0005" DesCta="Proveedores nacionales" NumCta="201.01.01" Haber="0.00" Debe="0.80">
          </PLZ:Transaccion>
    </PLZ:Poliza>
    <PLZ:Poliza Fecha="2024-02-13" Concepto="Banco 5136" NumUnIdenPol="BNK1/2024/00032">
        <PLZ:Transaccion Concepto="Banco 5136 - COMPRA ORDEN DE PAGO SPEI 0130224 =REFERENCIA CTA/CLABE: 4152313922011718 BXI SPEI BCO:012 BENEF:ED CORONA (DATO NO VERIF POR ESTA INST), Ret CVE RASTREO: 7875APR1202402132848578440 [...]" DesCta="Banorte 5136" NumCta="102.01.07" Haber="9000.00" Debe="0.00">
          </PLZ:Transaccion>
        <PLZ:Transaccion Concepto="Banco 5136 - cons/2023/08/0047" DesCta="Proveedores nacionales" NumCta="201.01.01" Haber="0.00" Debe="6599.84">
          </PLZ:Transaccion>
        <PLZ:Transaccion Concepto="Banco 5136 - cons/2024/01/0012" DesCta="Proveedores nacionales" NumCta="201.01.01" Haber="0.00" Debe="2400.16">
          </PLZ:Transaccion>
    </PLZ:Poliza>
    <PLZ:Poliza Fecha="2024-02-13" Concepto="Pago efectivo" NumUnIdenPol="CBMX/2024/02/0208">
        <PLZ:Transaccion Concepto="Pago efectivo - 16%" DesCta="IVA pendiente de pago" NumCta="119.01.01" Haber="331.06" Debe="0.00">
          </PLZ:Transaccion>
        <PLZ:Transaccion Concepto="Pago efectivo - 16%" DesCta="IVA acreditable pagado" NumCta="118.01.01" Haber="0.00" Debe="331.06">
          </PLZ:Transaccion>
        <PLZ:Transaccion Concepto="Pago efectivo - cons/2024/01/0012" DesCta="Base Imponible de Impuestos en Base a Flujo de Efectivo" NumCta="899.01.99" Haber="2069.10" Debe="0.00">
          </PLZ:Transaccion>
        <PLZ:Transaccion Concepto="Pago efectivo - cons/2024/01/0012" DesCta="Base Imponible de Impuestos en Base a Flujo de Efectivo" NumCta="899.01.99" Haber="0.00" Debe="2069.10">
          </PLZ:Transaccion>
    </PLZ:Poliza>
    <PLZ:Poliza Fecha="2024-02-13" Concepto="Pago efectivo" NumUnIdenPol="CBMX/2024/02/0209">
        <PLZ:Transaccion Concepto="Pago efectivo - 16%" DesCta="IVA pendiente de pago" NumCta="119.01.01" Haber="910.32" Debe="0.00">
          </PLZ:Transaccion>
        <PLZ:Transaccion Concepto="Pago efectivo - 16%" DesCta="IVA acreditable pagado" NumCta="118.01.01" Haber="0.00" Debe="910.32">
          </PLZ:Transaccion>
        <PLZ:Transaccion Concepto="Pago efectivo - cons/2023/08/0047" DesCta="Base Imponible de Impuestos en Base a Flujo de Efectivo" NumCta="899.01.99" Haber="5689.51" Debe="0.00">
          </PLZ:Transaccion>
        <PLZ:Transaccion Concepto="Pago efectivo - cons/2023/08/0047" DesCta="Base Imponible de Impuestos en Base a Flujo de Efectivo" NumCta="899.01.99" Haber="0.00" Debe="5689.51">
          </PLZ:Transaccion>
    </PLZ:Poliza>
    <PLZ:Poliza Fecha="2024-02-14" Concepto="Facturas de cliente" NumUnIdenPol="MUNICIPIO DE JIQUILPAN MICHOACAN103">
        <PLZ:Transaccion Concepto="Facturas de cliente - 16%" DesCta="IVA trasladado no cobrado" NumCta="209.01.01" Haber="11158.00" Debe="0.00">
            <PLZ:CompNal UUID_CFDI="B2E8CF0E-0486-480B-A228-ADF3F3B27910" RFC="IIA191113HL0" MontoTotal="-11158.00"></PLZ:CompNal>
          </PLZ:Transaccion>
        <PLZ:Transaccion Concepto="Facturas de cliente - Anticipo del 50% correspondiente a la construcción de muro de tabla roca (87.5m2) colocación de puerta corrediza colocación de escalera metálica y sus respectivas [...]" DesCta="Ventas y/o servicios gravados a la tasa general" NumCta="401.01.01" Haber="69737.50" Debe="0.00">
            <PLZ:CompNal UUID_CFDI="B2E8CF0E-0486-480B-A228-ADF3F3B27910" RFC="IIA191113HL0" MontoTotal="-69737.50"></PLZ:CompNal>
          </PLZ:Transaccion>
        <PLZ:Transaccion Concepto="Facturas de cliente - MUNICIPIO DE JIQUILPAN MICHOACAN103" DesCta="Clientes nacionales" NumCta="105.01.01" Haber="0.00" Debe="80895.50">
            <PLZ:CompNal UUID_CFDI="B2E8CF0E-0486-480B-A228-ADF3F3B27910" RFC="IIA191113HL0" MontoTotal="80895.50"></PLZ:CompNal>
          </PLZ:Transaccion>
    </PLZ:Poliza>
    <PLZ:Poliza Fecha="2024-02-14" Concepto="Banco 5136" NumUnIdenPol="BNK1/2024/00035">
        <PLZ:Transaccion Concepto="Banco 5136 - INDUST PEGADURO RFC:IPE 910308739" DesCta="Banorte 5136" NumCta="102.01.07" Haber="3832.29" Debe="0.00">
          </PLZ:Transaccion>
        <PLZ:Transaccion Concepto="Banco 5136 - cons/2024/02/0049" DesCta="Proveedores nacionales" NumCta="201.01.01" Haber="0.00" Debe="3832.29">
          </PLZ:Transaccion>
    </PLZ:Poliza>
    <PLZ:Poliza Fecha="2024-02-14" Concepto="Banco 5136" NumUnIdenPol="BNK1/2024/00036">
        <PLZ:Transaccion Concepto="Banco 5136 - MAD MAGALLON RFC:MAAH720713IN0" DesCta="Banorte 5136" NumCta="102.01.07" Haber="1320.00" Debe="0.00">
          </PLZ:Transaccion>
        <PLZ:Transaccion Concepto="Banco 5136 - cons/2024/02/0029" DesCta="Proveedores nacionales" NumCta="201.01.01" Haber="0.00" Debe="1320.00">
          </PLZ:Transaccion>
    </PLZ:Poliza>
    <PLZ:Poliza Fecha="2024-02-14" Concepto="Banco 5136" NumUnIdenPol="BNK1/2024/00041">
        <PLZ:Transaccion Concepto="Banco 5136 - CHEQUE PAGADO 0000454" DesCta="Banorte 5136" NumCta="102.01.07" Haber="9000.00" Debe="0.00">
          </PLZ:Transaccion>
        <PLZ:Transaccion Concepto="Banco 5136 - cons/2024/02/0006" DesCta="Proveedores nacionales" NumCta="201.01.01" Haber="0.00" Debe="9000.00">
          </PLZ:Transaccion>
    </PLZ:Poliza>
    <PLZ:Poliza Fecha="2024-02-14" Concepto="Banco 5136" NumUnIdenPol="BNK1/2024/00039">
        <PLZ:Transaccion Concepto="Banco 5136 - COMISION ORDEN DE PAGO SPEI REFERENCIA: 0140224" DesCta="Banorte 5136" NumCta="102.01.07" Haber="5.00" Debe="0.00">
          </PLZ:Transaccion>
        <PLZ:Transaccion Concepto="Banco 5136 - cons/2024/02/0005" DesCta="Proveedores nacionales" NumCta="201.01.01" Haber="0.00" Debe="5.00">
          </PLZ:Transaccion>
    </PLZ:Poliza>
    <PLZ:Poliza Fecha="2024-02-14" Concepto="Banco 5136" NumUnIdenPol="BNK1/2024/00040">
        <PLZ:Transaccion Concepto="Banco 5136 - I.V.A. ORDEN DE PAGO SPEI REFERENCIA: 0140224" DesCta="Banorte 5136" NumCta="102.01.07" Haber="0.80" Debe="0.00">
          </PLZ:Transaccion>
        <PLZ:Transaccion Concepto="Banco 5136 - cons/2024/02/0005" DesCta="Proveedores nacionales" NumCta="201.01.01" Haber="0.00" Debe="0.80">
          </PLZ:Transaccion>
    </PLZ:Poliza>
    <PLZ:Poliza Fecha="2024-02-14" Concepto="Banco 5136" NumUnIdenPol="BNK1/2024/00037">
        <PLZ:Transaccion Concepto="Banco 5136 - MAGALLON MAD RFC:MMA 010312899" DesCta="Banorte 5136" NumCta="102.01.07" Haber="1620.00" Debe="0.00">
          </PLZ:Transaccion>
        <PLZ:Transaccion Concepto="Banco 5136 - cons/2024/02/0016" DesCta="Proveedores nacionales" NumCta="201.01.01" Haber="0.00" Debe="787.30">
          </PLZ:Transaccion>
        <PLZ:Transaccion Concepto="Banco 5136 - cons/2024/02/0017" DesCta="Proveedores nacionales" NumCta="201.01.01" Haber="0.00" Debe="832.70">
          </PLZ:Transaccion>
    </PLZ:Poliza>
    <PLZ:Poliza Fecha="2024-02-14" Concepto="Banco 5136" NumUnIdenPol="BNK1/2024/00042">
        <PLZ:Transaccion Concepto="Banco 5136 - BNET01002402140039234774 SPEI RECIBIDO, BCO:0012 BBVA BANCOMER HR LIQ: 13:31:39 DEL CLIENTE INDAMEX INDUSTRIALIZ ADORA DE ALIMENTOS DE LA CLABE 012535001142111704 CON RFC [...]" DesCta="Banorte 5136" NumCta="102.01.07" Haber="0.00" Debe="80895.29">
          </PLZ:Transaccion>
        <PLZ:Transaccion Concepto="Banco 5136 - MUNICIPIO DE JIQUILPAN MICHOACAN103" DesCta="Clientes nacionales" NumCta="105.01.01" Haber="80895.29" Debe="0.00">
          </PLZ:Transaccion>
    </PLZ:Poliza>
    <PLZ:Poliza Fecha="2024-02-14" Concepto="Pago efectivo" NumUnIdenPol="CBMX/2024/02/0131">
        <PLZ:Transaccion Concepto="Pago efectivo - 16%" DesCta="IVA trasladado no cobrado" NumCta="209.01.01" Haber="0.00" Debe="11157.97">
          </PLZ:Transaccion>
        <PLZ:Transaccion Concepto="Pago efectivo - 16%" DesCta="IVA trasladado cobrado" NumCta="208.01.01" Haber="11157.97" Debe="0.00">
          </PLZ:Transaccion>
        <PLZ:Transaccion Concepto="Pago efectivo - MUNICIPIO DE JIQUILPAN MICHOACAN103" DesCta="Base Imponible de Impuestos en Base a Flujo de Efectivo" NumCta="899.01.99" Haber="0.00" Debe="69737.32">
          </PLZ:Transaccion>
        <PLZ:Transaccion Concepto="Pago efectivo - MUNICIPIO DE JIQUILPAN MICHOACAN103" DesCta="Base Imponible de Impuestos en Base a Flujo de Efectivo" NumCta="899.01.99" Haber="69737.32" Debe="0.00">
          </PLZ:Transaccion>
    </PLZ:Poliza>
    <PLZ:Poliza Fecha="2024-02-14" Concepto="Banco 5136" NumUnIdenPol="BNK1/2024/00038">
        <PLZ:Transaccion Concepto="Banco 5136 - COMPRA ORDEN DE PAGO SPEI 0140224 REFERENCIA CTA/CLABE: 4152313922011718 BXI SPEI BCO:012 BENEF:ED CORONA (DATO NO VERIF POR ESTA INST), E CVE RASTREO: 7875APR2202402142851236050 [...]" DesCta="Banorte 5136" NumCta="102.01.07" Haber="10000.00" Debe="0.00">
          </PLZ:Transaccion>
        <PLZ:Transaccion Concepto="Banco 5136 - cons/2024/01/0011" DesCta="Proveedores nacionales" NumCta="201.01.01" Haber="0.00" Debe="5435.64">
          </PLZ:Transaccion>
        <PLZ:Transaccion Concepto="Banco 5136 - cons/2024/01/0019" DesCta="Proveedores nacionales" NumCta="201.01.01" Haber="0.00" Debe="4564.36">
          </PLZ:Transaccion>
    </PLZ:Poliza>
    <PLZ:Poliza Fecha="2024-02-14" Concepto="Pago efectivo" NumUnIdenPol="CBMX/2024/02/0205">
        <PLZ:Transaccion Concepto="Pago efectivo - 16%" DesCta="IVA pendiente de pago" NumCta="119.01.01" Haber="629.57" Debe="0.00">
          </PLZ:Transaccion>
        <PLZ:Transaccion Concepto="Pago efectivo - 16%" DesCta="IVA acreditable pagado" NumCta="118.01.01" Haber="0.00" Debe="629.57">
          </PLZ:Transaccion>
        <PLZ:Transaccion Concepto="Pago efectivo - cons/2024/01/0019" DesCta="Base Imponible de Impuestos en Base a Flujo de Efectivo" NumCta="899.01.99" Haber="3934.79" Debe="0.00">
          </PLZ:Transaccion>
        <PLZ:Transaccion Concepto="Pago efectivo - cons/2024/01/0019" DesCta="Base Imponible de Impuestos en Base a Flujo de Efectivo" NumCta="899.01.99" Haber="0.00" Debe="3934.79">
          </PLZ:Transaccion>
    </PLZ:Poliza>
    <PLZ:Poliza Fecha="2024-02-14" Concepto="Pago efectivo" NumUnIdenPol="CBMX/2024/02/0206">
        <PLZ:Transaccion Concepto="Pago efectivo - 16%" DesCta="IVA pendiente de pago" NumCta="119.01.01" Haber="749.74" Debe="0.00">
          </PLZ:Transaccion>
        <PLZ:Transaccion Concepto="Pago efectivo - 16%" DesCta="IVA acreditable pagado" NumCta="118.01.01" Haber="0.00" Debe="749.74">
          </PLZ:Transaccion>
        <PLZ:Transaccion Concepto="Pago efectivo - cons/2024/01/0011" DesCta="Base Imponible de Impuestos en Base a Flujo de Efectivo" NumCta="899.01.99" Haber="4685.90" Debe="0.00">
          </PLZ:Transaccion>
        <PLZ:Transaccion Concepto="Pago efectivo - cons/2024/01/0011" DesCta="Base Imponible de Impuestos en Base a Flujo de Efectivo" NumCta="899.01.99" Haber="0.00" Debe="4685.90">
          </PLZ:Transaccion>
    </PLZ:Poliza>
    <PLZ:Poliza Fecha="2024-02-15" Concepto="Banco 5136" NumUnIdenPol="BNK1/2024/00044">
        <PLZ:Transaccion Concepto="Banco 5136 - NOVA CASA JIQUILPAN RFC:NCZ 910320TG8" DesCta="Banorte 5136" NumCta="102.01.07" Haber="408.36" Debe="0.00">
          </PLZ:Transaccion>
        <PLZ:Transaccion Concepto="Banco 5136 - cons/2024/02/0057" DesCta="Proveedores nacionales" NumCta="201.01.01" Haber="0.00" Debe="408.36">
          </PLZ:Transaccion>
    </PLZ:Poliza>
    <PLZ:Poliza Fecha="2024-02-15" Concepto="Banco 5136" NumUnIdenPol="BNK1/2024/00043">
        <PLZ:Transaccion Concepto="Banco 5136 - INDUST PEGADURO RFC:IPE 910308739" DesCta="Banorte 5136" NumCta="102.01.07" Haber="1097.50" Debe="0.00">
          </PLZ:Transaccion>
        <PLZ:Transaccion Concepto="Banco 5136 - INDUST PEGADURO RFC:IPE 910308739" DesCta="Gastos no deducibles (sin requisitos fiscales)                             " NumCta="601.83.01" Haber="0.00" Debe="0.02">
          </PLZ:Transaccion>
        <PLZ:Transaccion Concepto="Banco 5136 - cons/2024/02/0050" DesCta="Proveedores nacionales" NumCta="201.01.01" Haber="0.00" Debe="1097.48">
          </PLZ:Transaccion>
    </PLZ:Poliza>
    <PLZ:Poliza Fecha="2024-02-15" Concepto="Banco 5136" NumUnIdenPol="BNK1/2024/00045">
        <PLZ:Transaccion Concepto="Banco 5136 - MAD MAGALLON RFC:MAAH720713IN0" DesCta="Banorte 5136" NumCta="102.01.07" Haber="200.00" Debe="0.00">
          </PLZ:Transaccion>
        <PLZ:Transaccion Concepto="Banco 5136 - cons/2024/02/0030" DesCta="Proveedores nacionales" NumCta="201.01.01" Haber="0.00" Debe="200.00">
          </PLZ:Transaccion>
    </PLZ:Poliza>
    <PLZ:Poliza Fecha="2024-02-15" Concepto="Banco 5136" NumUnIdenPol="BNK1/2024/00046">
        <PLZ:Transaccion Concepto="Banco 5136 - FERRETERIA PICAZO RFC:SAGP791210HNA" DesCta="Banorte 5136" NumCta="102.01.07" Haber="258.01" Debe="0.00">
          </PLZ:Transaccion>
        <PLZ:Transaccion Concepto="Banco 5136 - cons/2024/02/0021" DesCta="Proveedores nacionales" NumCta="201.01.01" Haber="0.00" Debe="258.01">
          </PLZ:Transaccion>
    </PLZ:Poliza>
    <PLZ:Poliza Fecha="2024-02-16" Concepto="Banco 5136" NumUnIdenPol="BNK1/2024/00048">
        <PLZ:Transaccion Concepto="Banco 5136 - INDUST PEGADURO RFC:IPE 910308739" DesCta="Banorte 5136" NumCta="102.01.07" Haber="8871.05" Debe="0.00">
          </PLZ:Transaccion>
        <PLZ:Transaccion Concepto="Banco 5136 - INDUST PEGADURO RFC:IPE 910308739" DesCta="Gastos no deducibles (sin requisitos fiscales)                             " NumCta="601.83.01" Haber="0.00" Debe="0.11">
          </PLZ:Transaccion>
        <PLZ:Transaccion Concepto="Banco 5136 - cons/2024/02/0051" DesCta="Proveedores nacionales" NumCta="201.01.01" Haber="0.00" Debe="8870.94">
          </PLZ:Transaccion>
    </PLZ:Poliza>
    <PLZ:Poliza Fecha="2024-02-16" Concepto="Banco 5136" NumUnIdenPol="BNK1/2024/00049">
        <PLZ:Transaccion Concepto="Banco 5136 - NOVA CASA JIQUILPAN RFC:NCZ 910320TG8" DesCta="Banorte 5136" NumCta="102.01.07" Haber="882.85" Debe="0.00">
          </PLZ:Transaccion>
        <PLZ:Transaccion Concepto="Banco 5136 - cons/2024/02/0058" DesCta="Proveedores nacionales" NumCta="201.01.01" Haber="0.00" Debe="280.00">
          </PLZ:Transaccion>
        <PLZ:Transaccion Concepto="Banco 5136 - cons/2024/02/0059" DesCta="Proveedores nacionales" NumCta="201.01.01" Haber="0.00" Debe="602.85">
          </PLZ:Transaccion>
    </PLZ:Poliza>
    <PLZ:Poliza Fecha="2024-02-16" Concepto="Banco 5136" NumUnIdenPol="BNK1/2024/00050">
        <PLZ:Transaccion Concepto="Banco 5136 - FERR ACEROS LOPEZ RFC:GALJ900105KG9" DesCta="Banorte 5136" NumCta="102.01.07" Haber="13421.00" Debe="0.00">
          </PLZ:Transaccion>
        <PLZ:Transaccion Concepto="Banco 5136 - cons/2024/02/0015" DesCta="Proveedores nacionales" NumCta="201.01.01" Haber="0.00" Debe="13421.00">
          </PLZ:Transaccion>
    </PLZ:Poliza>
    <PLZ:Poliza Fecha="2024-02-16" Concepto="Banco 5136" NumUnIdenPol="BNK1/2024/00051">
        <PLZ:Transaccion Concepto="Banco 5136 - LIFE COLORS RFC:VIHC690808JM8" DesCta="Banorte 5136" NumCta="102.01.07" Haber="3300.00" Debe="0.00">
          </PLZ:Transaccion>
        <PLZ:Transaccion Concepto="Banco 5136 - cons/2024/02/0008" DesCta="Proveedores nacionales" NumCta="201.01.01" Haber="0.00" Debe="3300.00">
          </PLZ:Transaccion>
    </PLZ:Poliza>
    <PLZ:Poliza Fecha="2024-02-16" Concepto="Banco 5136" NumUnIdenPol="BNK1/2024/00047">
        <PLZ:Transaccion Concepto="Banco 5136 - APPLE.COM/BILL MONEDA ORIGEN: 4.99 USD USD : 4.99 TIPO CAMBIO : 17.1960" DesCta="Banorte 5136" NumCta="102.01.07" Haber="86.32" Debe="0.00">
          </PLZ:Transaccion>
        <PLZ:Transaccion Concepto="Banco 5136 - APPLE.COM/BILL MONEDA ORIGEN: 4.99 USD USD : 4.99 TIPO CAMBIO : 17.1960" DesCta="Gastos no deducibles (sin requisitos fiscales)                             " NumCta="601.83.01" Haber="0.00" Debe="46.12">
          </PLZ:Transaccion>
        <PLZ:Transaccion Concepto="Banco 5136 - cons/2024/02/0004" DesCta="Proveedores nacionales" NumCta="201.01.01" Haber="0.00" Debe="40.20">
          </PLZ:Transaccion>
    </PLZ:Poliza>
    <PLZ:Poliza Fecha="2024-02-17" Concepto="Banco 5136" NumUnIdenPol="BNK1/2024/00053">
        <PLZ:Transaccion Concepto="Banco 5136 - CHEQUE CAMARA 0000458 SSJ910628FA3" DesCta="Banorte 5136" NumCta="102.01.07" Haber="7519.71" Debe="0.00">
          </PLZ:Transaccion>
        <PLZ:Transaccion Concepto="Banco 5136 - CHEQUE CAMARA 0000458 SSJ910628FA3" DesCta="Gastos no deducibles (sin requisitos fiscales)                             " NumCta="601.83.01" Haber="0.00" Debe="1.54">
          </PLZ:Transaccion>
        <PLZ:Transaccion Concepto="Banco 5136 - cons/2024/01/0004" DesCta="Proveedores nacionales" NumCta="201.01.01" Haber="0.00" Debe="7518.17">
          </PLZ:Transaccion>
    </PLZ:Poliza>
    <PLZ:Poliza Fecha="2024-02-17" Concepto="Pago efectivo" NumUnIdenPol="CBMX/2024/02/0027">
        <PLZ:Transaccion Concepto="Pago efectivo - 16%" DesCta="IVA pendiente de pago" NumCta="119.01.01" Haber="1013.65" Debe="0.00">
          </PLZ:Transaccion>
        <PLZ:Transaccion Concepto="Pago efectivo - 16%" DesCta="IVA acreditable pagado" NumCta="118.01.01" Haber="0.00" Debe="1013.65">
          </PLZ:Transaccion>
        <PLZ:Transaccion Concepto="Pago efectivo - cons/2024/01/0004" DesCta="Base Imponible de Impuestos en Base a Flujo de Efectivo" NumCta="899.01.99" Haber="6504.52" Debe="0.00">
          </PLZ:Transaccion>
        <PLZ:Transaccion Concepto="Pago efectivo - cons/2024/01/0004" DesCta="Base Imponible de Impuestos en Base a Flujo de Efectivo" NumCta="899.01.99" Haber="0.00" Debe="6504.52">
          </PLZ:Transaccion>
    </PLZ:Poliza>
    <PLZ:Poliza Fecha="2024-02-17" Concepto="Banco 5136" NumUnIdenPol="BNK1/2024/00055">
        <PLZ:Transaccion Concepto="Banco 5136 - COMISION ORDEN DE PAGO SPEI REFERENCIA: 0170224" DesCta="Banorte 5136" NumCta="102.01.07" Haber="5.00" Debe="0.00">
          </PLZ:Transaccion>
        <PLZ:Transaccion Concepto="Banco 5136 - cons/2024/02/0005" DesCta="Proveedores nacionales" NumCta="201.01.01" Haber="0.00" Debe="5.00">
          </PLZ:Transaccion>
    </PLZ:Poliza>
    <PLZ:Poliza Fecha="2024-02-17" Concepto="Banco 5136" NumUnIdenPol="BNK1/2024/00058">
        <PLZ:Transaccion Concepto="Banco 5136 - COMISION ORDEN DE PAGO SPEI REFERENCIA: 0170224" DesCta="Banorte 5136" NumCta="102.01.07" Haber="5.00" Debe="0.00">
          </PLZ:Transaccion>
        <PLZ:Transaccion Concepto="Banco 5136 - cons/2024/02/0005" DesCta="Proveedores nacionales" NumCta="201.01.01" Haber="0.00" Debe="5.00">
          </PLZ:Transaccion>
    </PLZ:Poliza>
    <PLZ:Poliza Fecha="2024-02-17" Concepto="Banco 5136" NumUnIdenPol="BNK1/2024/00056">
        <PLZ:Transaccion Concepto="Banco 5136 - I.V.A. ORDEN DE PAGO SPEI REFERENCIA: 0170224" DesCta="Banorte 5136" NumCta="102.01.07" Haber="0.80" Debe="0.00">
          </PLZ:Transaccion>
        <PLZ:Transaccion Concepto="Banco 5136 - cons/2024/02/0005" DesCta="Proveedores nacionales" NumCta="201.01.01" Haber="0.00" Debe="0.80">
          </PLZ:Transaccion>
    </PLZ:Poliza>
    <PLZ:Poliza Fecha="2024-02-17" Concepto="Banco 5136" NumUnIdenPol="BNK1/2024/00059">
        <PLZ:Transaccion Concepto="Banco 5136 - I.V.A. ORDEN DE PAGO SPEI REFERENCIA: 0170224" DesCta="Banorte 5136" NumCta="102.01.07" Haber="0.80" Debe="0.00">
          </PLZ:Transaccion>
        <PLZ:Transaccion Concepto="Banco 5136 - cons/2024/02/0005" DesCta="Proveedores nacionales" NumCta="201.01.01" Haber="0.00" Debe="0.80">
          </PLZ:Transaccion>
    </PLZ:Poliza>
    <PLZ:Poliza Fecha="2024-02-17" Concepto="Banco 5136" NumUnIdenPol="BNK1/2024/00052">
        <PLZ:Transaccion Concepto="Banco 5136 - CHEQUE CAMARA 0000455 SSJ910628FA3" DesCta="Banorte 5136" NumCta="102.01.07" Haber="9218.98" Debe="0.00">
          </PLZ:Transaccion>
        <PLZ:Transaccion Concepto="Banco 5136 - cons/2024/02/0017" DesCta="Proveedores nacionales" NumCta="201.01.01" Haber="0.00" Debe="9218.98">
          </PLZ:Transaccion>
    </PLZ:Poliza>
    <PLZ:Poliza Fecha="2024-02-17" Concepto="Banco 5136" NumUnIdenPol="BNK1/2024/00054">
        <PLZ:Transaccion Concepto="Banco 5136 - COMPRA ORDEN DE PAGO SPEI 0170224 REFERENCIA CTA/CLABE: 4152313922011718 BXI SPEI BCO:012 BENEF:ED CORONA (DATO NO VERIF POR ESTA INST), Ed CVE RASTREO: 7875APR2202402172860349039 [...]" DesCta="Banorte 5136" NumCta="102.01.07" Haber="15000.00" Debe="0.00">
          </PLZ:Transaccion>
        <PLZ:Transaccion Concepto="Banco 5136 - cons/2024/01/0013" DesCta="Proveedores nacionales" NumCta="201.01.01" Haber="0.00" Debe="7267.81">
          </PLZ:Transaccion>
        <PLZ:Transaccion Concepto="Banco 5136 - cons/2024/01/0014" DesCta="Proveedores nacionales" NumCta="201.01.01" Haber="0.00" Debe="6995.54">
          </PLZ:Transaccion>
        <PLZ:Transaccion Concepto="Banco 5136 - cons/2024/01/0018" DesCta="Proveedores nacionales" NumCta="201.01.01" Haber="0.00" Debe="93.81">
          </PLZ:Transaccion>
        <PLZ:Transaccion Concepto="Banco 5136 - cons/2024/01/0019" DesCta="Proveedores nacionales" NumCta="201.01.01" Haber="0.00" Debe="642.84">
          </PLZ:Transaccion>
    </PLZ:Poliza>
    <PLZ:Poliza Fecha="2024-02-17" Concepto="Pago efectivo" NumUnIdenPol="CBMX/2024/02/0200">
        <PLZ:Transaccion Concepto="Pago efectivo - 16%" DesCta="IVA pendiente de pago" NumCta="119.01.01" Haber="1002.46" Debe="0.00">
          </PLZ:Transaccion>
        <PLZ:Transaccion Concepto="Pago efectivo - 16%" DesCta="IVA acreditable pagado" NumCta="118.01.01" Haber="0.00" Debe="1002.46">
          </PLZ:Transaccion>
        <PLZ:Transaccion Concepto="Pago efectivo - cons/2024/01/0013" DesCta="Base Imponible de Impuestos en Base a Flujo de Efectivo" NumCta="899.01.99" Haber="6265.35" Debe="0.00">
          </PLZ:Transaccion>
        <PLZ:Transaccion Concepto="Pago efectivo - cons/2024/01/0013" DesCta="Base Imponible de Impuestos en Base a Flujo de Efectivo" NumCta="899.01.99" Haber="0.00" Debe="6265.35">
          </PLZ:Transaccion>
    </PLZ:Poliza>
    <PLZ:Poliza Fecha="2024-02-17" Concepto="Pago efectivo" NumUnIdenPol="CBMX/2024/02/0201">
        <PLZ:Transaccion Concepto="Pago efectivo - 16%" DesCta="IVA pendiente de pago" NumCta="119.01.01" Haber="964.90" Debe="0.00">
          </PLZ:Transaccion>
        <PLZ:Transaccion Concepto="Pago efectivo - 16%" DesCta="IVA acreditable pagado" NumCta="118.01.01" Haber="0.00" Debe="964.90">
          </PLZ:Transaccion>
        <PLZ:Transaccion Concepto="Pago efectivo - cons/2024/01/0014" DesCta="Base Imponible de Impuestos en Base a Flujo de Efectivo" NumCta="899.01.99" Haber="6030.64" Debe="0.00">
          </PLZ:Transaccion>
        <PLZ:Transaccion Concepto="Pago efectivo - cons/2024/01/0014" DesCta="Base Imponible de Impuestos en Base a Flujo de Efectivo" NumCta="899.01.99" Haber="0.00" Debe="6030.64">
          </PLZ:Transaccion>
    </PLZ:Poliza>
    <PLZ:Poliza Fecha="2024-02-17" Concepto="Pago efectivo" NumUnIdenPol="CBMX/2024/02/0202">
        <PLZ:Transaccion Concepto="Pago efectivo - 16%" DesCta="IVA pendiente de pago" NumCta="119.01.01" Haber="12.94" Debe="0.00">
          </PLZ:Transaccion>
        <PLZ:Transaccion Concepto="Pago efectivo - 16%" DesCta="IVA acreditable pagado" NumCta="118.01.01" Haber="0.00" Debe="12.94">
          </PLZ:Transaccion>
        <PLZ:Transaccion Concepto="Pago efectivo - cons/2024/01/0018" DesCta="Base Imponible de Impuestos en Base a Flujo de Efectivo" NumCta="899.01.99" Haber="80.87" Debe="0.00">
          </PLZ:Transaccion>
        <PLZ:Transaccion Concepto="Pago efectivo - cons/2024/01/0018" DesCta="Base Imponible de Impuestos en Base a Flujo de Efectivo" NumCta="899.01.99" Haber="0.00" Debe="80.87">
          </PLZ:Transaccion>
    </PLZ:Poliza>
    <PLZ:Poliza Fecha="2024-02-17" Concepto="Pago efectivo" NumUnIdenPol="CBMX/2024/02/0203">
        <PLZ:Transaccion Concepto="Pago efectivo - 16%" DesCta="IVA pendiente de pago" NumCta="119.01.01" Haber="88.67" Debe="0.00">
          </PLZ:Transaccion>
        <PLZ:Transaccion Concepto="Pago efectivo - 16%" DesCta="IVA acreditable pagado" NumCta="118.01.01" Haber="0.00" Debe="88.67">
          </PLZ:Transaccion>
        <PLZ:Transaccion Concepto="Pago efectivo - cons/2024/01/0019" DesCta="Base Imponible de Impuestos en Base a Flujo de Efectivo" NumCta="899.01.99" Haber="554.17" Debe="0.00">
          </PLZ:Transaccion>
        <PLZ:Transaccion Concepto="Pago efectivo - cons/2024/01/0019" DesCta="Base Imponible de Impuestos en Base a Flujo de Efectivo" NumCta="899.01.99" Haber="0.00" Debe="554.17">
          </PLZ:Transaccion>
    </PLZ:Poliza>
    <PLZ:Poliza Fecha="2024-02-17" Concepto="Banco 5136" NumUnIdenPol="BNK1/2024/00057">
        <PLZ:Transaccion Concepto="Banco 5136 - COMPRA ORDEN DE PAGO SPEI 0170224 REFERENCIA CTA/CLABE: 4152313922011718, BXI SPEI BCO:012 BENEF:ED CORONA (DATO NO VERIF POR ESTA INST), Ed CVE RASTREO: 7875APR1202402172860882505 [...]" DesCta="Banorte 5136" NumCta="102.01.07" Haber="15000.00" Debe="0.00">
          </PLZ:Transaccion>
        <PLZ:Transaccion Concepto="Banco 5136 - cons/2024/01/0019" DesCta="Proveedores nacionales" NumCta="201.01.01" Haber="0.00" Debe="15000.00">
          </PLZ:Transaccion>
    </PLZ:Poliza>
    <PLZ:Poliza Fecha="2024-02-17" Concepto="Pago efectivo" NumUnIdenPol="CBMX/2024/02/0204">
        <PLZ:Transaccion Concepto="Pago efectivo - 16%" DesCta="IVA pendiente de pago" NumCta="119.01.01" Haber="2068.97" Debe="0.00">
          </PLZ:Transaccion>
        <PLZ:Transaccion Concepto="Pago efectivo - 16%" DesCta="IVA acreditable pagado" NumCta="118.01.01" Haber="0.00" Debe="2068.97">
          </PLZ:Transaccion>
        <PLZ:Transaccion Concepto="Pago efectivo - cons/2024/01/0019" DesCta="Base Imponible de Impuestos en Base a Flujo de Efectivo" NumCta="899.01.99" Haber="12931.04" Debe="0.00">
          </PLZ:Transaccion>
        <PLZ:Transaccion Concepto="Pago efectivo - cons/2024/01/0019" DesCta="Base Imponible de Impuestos en Base a Flujo de Efectivo" NumCta="899.01.99" Haber="0.00" Debe="12931.04">
          </PLZ:Transaccion>
    </PLZ:Poliza>
    <PLZ:Poliza Fecha="2024-02-19" Concepto="Banco 5136" NumUnIdenPol="BNK1/2024/00063">
        <PLZ:Transaccion Concepto="Banco 5136 - MAD MAGALLON RFC:MAAH720713IN0" DesCta="Banorte 5136" NumCta="102.01.07" Haber="5800.00" Debe="0.00">
          </PLZ:Transaccion>
        <PLZ:Transaccion Concepto="Banco 5136 - MAD MAGALLON RFC:MAAH720713IN0" DesCta="Gastos no deducibles (sin requisitos fiscales)                             " NumCta="601.83.01" Haber="0.00" Debe="43.02">
          </PLZ:Transaccion>
        <PLZ:Transaccion Concepto="Banco 5136 - cons/2024/02/0031" DesCta="Proveedores nacionales" NumCta="201.01.01" Haber="0.00" Debe="5756.98">
          </PLZ:Transaccion>
    </PLZ:Poliza>
    <PLZ:Poliza Fecha="2024-02-19" Concepto="Banco 5136" NumUnIdenPol="BNK1/2024/00061">
        <PLZ:Transaccion Concepto="Banco 5136 - HERCULES DE SAHUAYO RFC:SAPM640729280" DesCta="Banorte 5136" NumCta="102.01.07" Haber="1598.00" Debe="0.00">
          </PLZ:Transaccion>
        <PLZ:Transaccion Concepto="Banco 5136 - HERCULES DE SAHUAYO RFC:SAPM640729280" DesCta="Gastos no deducibles (sin requisitos fiscales)                             " NumCta="601.83.01" Haber="0.00" Debe="0.04">
          </PLZ:Transaccion>
        <PLZ:Transaccion Concepto="Banco 5136 - cons/2024/02/0024" DesCta="Proveedores nacionales" NumCta="201.01.01" Haber="0.00" Debe="1597.96">
          </PLZ:Transaccion>
    </PLZ:Poliza>
    <PLZ:Poliza Fecha="2024-02-19" Concepto="Banco 5136" NumUnIdenPol="BNK1/2024/00062">
        <PLZ:Transaccion Concepto="Banco 5136 - HERCULES DE SAHUAYO RFC:SAPM640729280" DesCta="Banorte 5136" NumCta="102.01.07" Haber="152.00" Debe="0.00">
          </PLZ:Transaccion>
        <PLZ:Transaccion Concepto="Banco 5136 - HERCULES DE SAHUAYO RFC:SAPM640729280" DesCta="Gastos no deducibles (sin requisitos fiscales)                             " NumCta="601.83.01" Haber="0.00" Debe="0.27">
          </PLZ:Transaccion>
        <PLZ:Transaccion Concepto="Banco 5136 - cons/2024/02/0025" DesCta="Proveedores nacionales" NumCta="201.01.01" Haber="0.00" Debe="151.73">
          </PLZ:Transaccion>
    </PLZ:Poliza>
    <PLZ:Poliza Fecha="2024-02-19" Concepto="Banco 5136" NumUnIdenPol="BNK1/2024/00064">
        <PLZ:Transaccion Concepto="Banco 5136 - CHEQUE PAGADO 0000460" DesCta="Banorte 5136" NumCta="102.01.07" Haber="30000.00" Debe="0.00">
          </PLZ:Transaccion>
        <PLZ:Transaccion Concepto="Banco 5136 - cons/2024/02/0004" DesCta="Proveedores nacionales" NumCta="201.01.01" Haber="0.00" Debe="8864.91">
          </PLZ:Transaccion>
        <PLZ:Transaccion Concepto="Banco 5136 - cons/2024/02/0008" DesCta="Proveedores nacionales" NumCta="201.01.01" Haber="0.00" Debe="0.01">
          </PLZ:Transaccion>
        <PLZ:Transaccion Concepto="Banco 5136 - cons/2024/02/0013" DesCta="Proveedores nacionales" NumCta="201.01.01" Haber="0.00" Debe="0.02">
          </PLZ:Transaccion>
        <PLZ:Transaccion Concepto="Banco 5136 - cons/2024/02/0015" DesCta="Proveedores nacionales" NumCta="201.01.01" Haber="0.00" Debe="1.31">
          </PLZ:Transaccion>
        <PLZ:Transaccion Concepto="Banco 5136 - cons/2024/02/0018" DesCta="Proveedores nacionales" NumCta="201.01.01" Haber="0.00" Debe="1949.98">
          </PLZ:Transaccion>
        <PLZ:Transaccion Concepto="Banco 5136 - cons/2024/02/0019" DesCta="Proveedores nacionales" NumCta="201.01.01" Haber="0.00" Debe="1299.99">
          </PLZ:Transaccion>
        <PLZ:Transaccion Concepto="Banco 5136 - cons/2024/02/0020" DesCta="Proveedores nacionales" NumCta="201.01.01" Haber="0.00" Debe="1965.03">
          </PLZ:Transaccion>
        <PLZ:Transaccion Concepto="Banco 5136 - cons/2024/02/0026" DesCta="Proveedores nacionales" NumCta="201.01.01" Haber="0.00" Debe="1951.93">
          </PLZ:Transaccion>
        <PLZ:Transaccion Concepto="Banco 5136 - cons/2024/02/0027" DesCta="Proveedores nacionales" NumCta="201.01.01" Haber="0.00" Debe="1964.37">
          </PLZ:Transaccion>
        <PLZ:Transaccion Concepto="Banco 5136 - cons/2024/02/0029" DesCta="Proveedores nacionales" NumCta="201.01.01" Haber="0.00" Debe="0.06">
          </PLZ:Transaccion>
        <PLZ:Transaccion Concepto="Banco 5136 - cons/2024/02/0030" DesCta="Proveedores nacionales" NumCta="201.01.01" Haber="0.00" Debe="0.03">
          </PLZ:Transaccion>
        <PLZ:Transaccion Concepto="Banco 5136 - cons/2024/02/0033" DesCta="Proveedores nacionales" NumCta="201.01.01" Haber="0.00" Debe="0.02">
          </PLZ:Transaccion>
        <PLZ:Transaccion Concepto="Banco 5136 - cons/2024/02/0034" DesCta="Proveedores nacionales" NumCta="201.01.01" Haber="0.00" Debe="0.17">
          </PLZ:Transaccion>
        <PLZ:Transaccion Concepto="Banco 5136 - cons/2024/02/0035" DesCta="Proveedores nacionales" NumCta="201.01.01" Haber="0.00" Debe="0.02">
          </PLZ:Transaccion>
        <PLZ:Transaccion Concepto="Banco 5136 - cons/2024/02/0036" DesCta="Proveedores nacionales" NumCta="201.01.01" Haber="0.00" Debe="1707.53">
          </PLZ:Transaccion>
        <PLZ:Transaccion Concepto="Banco 5136 - cons/2024/02/0039" DesCta="Proveedores nacionales" NumCta="201.01.01" Haber="0.00" Debe="487.15">
          </PLZ:Transaccion>
        <PLZ:Transaccion Concepto="Banco 5136 - cons/2024/02/0042" DesCta="Proveedores nacionales" NumCta="201.01.01" Haber="0.00" Debe="1904.33">
          </PLZ:Transaccion>
        <PLZ:Transaccion Concepto="Banco 5136 - cons/2024/02/0043" DesCta="Proveedores nacionales" NumCta="201.01.01" Haber="0.00" Debe="1874.50">
          </PLZ:Transaccion>
        <PLZ:Transaccion Concepto="Banco 5136 - cons/2024/02/0044" DesCta="Proveedores nacionales" NumCta="201.01.01" Haber="0.00" Debe="1803.20">
          </PLZ:Transaccion>
        <PLZ:Transaccion Concepto="Banco 5136 - cons/2024/02/0045" DesCta="Proveedores nacionales" NumCta="201.01.01" Haber="0.00" Debe="1803.20">
          </PLZ:Transaccion>
        <PLZ:Transaccion Concepto="Banco 5136 - cons/2024/02/0054" DesCta="Proveedores nacionales" NumCta="201.01.01" Haber="0.00" Debe="2422.24">
          </PLZ:Transaccion>
    </PLZ:Poliza>
    <PLZ:Poliza Fecha="2024-02-19" Concepto="Banco 5136" NumUnIdenPol="BNK1/2024/00060">
        <PLZ:Transaccion Concepto="Banco 5136 - APPLE.COM/BILL MONEDA ORIGEN: 239.00 MXN USD 240.20 TIPO CAMBIO : 0.0000" DesCta="Banorte 5136" NumCta="102.01.07" Haber="240.20" Debe="0.00">
          </PLZ:Transaccion>
        <PLZ:Transaccion Concepto="Banco 5136 - cons/2024/02/0017" DesCta="Proveedores nacionales" NumCta="201.01.01" Haber="0.00" Debe="240.20">
          </PLZ:Transaccion>
    </PLZ:Poliza>
    <PLZ:Poliza Fecha="2024-02-20" Concepto="Banco 5136" NumUnIdenPol="BNK1/2024/00067">
        <PLZ:Transaccion Concepto="Banco 5136 - MIREYA MI CASA RFC:MIR 950607337" DesCta="Banorte 5136" NumCta="102.01.07" Haber="4068.93" Debe="0.00">
          </PLZ:Transaccion>
        <PLZ:Transaccion Concepto="Banco 5136 - cons/2024/02/0040" DesCta="Proveedores nacionales" NumCta="201.01.01" Haber="0.00" Debe="4068.93">
          </PLZ:Transaccion>
    </PLZ:Poliza>
    <PLZ:Poliza Fecha="2024-02-20" Concepto="Banco 5136" NumUnIdenPol="BNK1/2024/00065">
        <PLZ:Transaccion Concepto="Banco 5136 - CHEQUE CAMARA 0000459 SSJ910628FA3" DesCta="Banorte 5136" NumCta="102.01.07" Haber="11660.64" Debe="0.00">
          </PLZ:Transaccion>
        <PLZ:Transaccion Concepto="Banco 5136 - CHEQUE CAMARA 0000459 SSJ910628FA3" DesCta="Gastos no deducibles (sin requisitos fiscales)                             " NumCta="601.83.01" Haber="0.00" Debe="1.54">
          </PLZ:Transaccion>
        <PLZ:Transaccion Concepto="Banco 5136 - cons/2024/01/0003" DesCta="Proveedores nacionales" NumCta="201.01.01" Haber="0.00" Debe="11659.10">
          </PLZ:Transaccion>
    </PLZ:Poliza>
    <PLZ:Poliza Fecha="2024-02-20" Concepto="Pago efectivo" NumUnIdenPol="CBMX/2024/02/0028">
        <PLZ:Transaccion Concepto="Pago efectivo - 16%" DesCta="IVA pendiente de pago" NumCta="119.01.01" Haber="1571.71" Debe="0.00">
          </PLZ:Transaccion>
        <PLZ:Transaccion Concepto="Pago efectivo - 16%" DesCta="IVA acreditable pagado" NumCta="118.01.01" Haber="0.00" Debe="1571.71">
          </PLZ:Transaccion>
        <PLZ:Transaccion Concepto="Pago efectivo - cons/2024/01/0003" DesCta="Base Imponible de Impuestos en Base a Flujo de Efectivo" NumCta="899.01.99" Haber="10087.39" Debe="0.00">
          </PLZ:Transaccion>
        <PLZ:Transaccion Concepto="Pago efectivo - cons/2024/01/0003" DesCta="Base Imponible de Impuestos en Base a Flujo de Efectivo" NumCta="899.01.99" Haber="0.00" Debe="10087.39">
          </PLZ:Transaccion>
    </PLZ:Poliza>
    <PLZ:Poliza Fecha="2024-02-20" Concepto="Banco 5136" NumUnIdenPol="BNK1/2024/00066">
        <PLZ:Transaccion Concepto="Banco 5136 - MAD MAGALLON RFC:MAAH720713IN0" DesCta="Banorte 5136" NumCta="102.01.07" Haber="1592.00" Debe="0.00">
          </PLZ:Transaccion>
        <PLZ:Transaccion Concepto="Banco 5136 - MAD MAGALLON RFC:MAAH720713IN0" DesCta="Gastos no deducibles (sin requisitos fiscales)                             " NumCta="601.83.01" Haber="0.00" Debe="0.02">
          </PLZ:Transaccion>
        <PLZ:Transaccion Concepto="Banco 5136 - cons/2024/02/0032" DesCta="Proveedores nacionales" NumCta="201.01.01" Haber="0.00" Debe="1591.98">
          </PLZ:Transaccion>
    </PLZ:Poliza>
    <PLZ:Poliza Fecha="2024-02-20" Concepto="Banco 5136" NumUnIdenPol="BNK1/2024/00069">
        <PLZ:Transaccion Concepto="Banco 5136 - COMISION ORDEN DE PAGO SPEI REFERENCIA: 0200224" DesCta="Banorte 5136" NumCta="102.01.07" Haber="5.00" Debe="0.00">
          </PLZ:Transaccion>
        <PLZ:Transaccion Concepto="Banco 5136 - cons/2024/02/0005" DesCta="Proveedores nacionales" NumCta="201.01.01" Haber="0.00" Debe="5.00">
          </PLZ:Transaccion>
    </PLZ:Poliza>
    <PLZ:Poliza Fecha="2024-02-20" Concepto="Banco 5136" NumUnIdenPol="BNK1/2024/00070">
        <PLZ:Transaccion Concepto="Banco 5136 - I.V.A. ORDEN DE PAGO SPEI REFERENCIA: 0200224" DesCta="Banorte 5136" NumCta="102.01.07" Haber="0.80" Debe="0.00">
          </PLZ:Transaccion>
        <PLZ:Transaccion Concepto="Banco 5136 - cons/2024/02/0005" DesCta="Proveedores nacionales" NumCta="201.01.01" Haber="0.00" Debe="0.80">
          </PLZ:Transaccion>
    </PLZ:Poliza>
    <PLZ:Poliza Fecha="2024-02-20" Concepto="Banco 5136" NumUnIdenPol="BNK1/2024/00068">
        <PLZ:Transaccion Concepto="Banco 5136 - COMPRA ORDEN DE PAGO SPEI 0200224 REFERENCIA CTA/CLABE: 4152313922011718, BXI SPEI BCO:012 BENEF:ED CORONA (DATO NO VERIF POR ESTA INST), Ed CVE RASTREO: 7875APR1202402202866921971 [...]" DesCta="Banorte 5136" NumCta="102.01.07" Haber="15000.00" Debe="0.00">
          </PLZ:Transaccion>
        <PLZ:Transaccion Concepto="Banco 5136 - cons/2024/01/0017" DesCta="Proveedores nacionales" NumCta="201.01.01" Haber="0.00" Debe="10.83">
          </PLZ:Transaccion>
        <PLZ:Transaccion Concepto="Banco 5136 - cons/2024/01/0018" DesCta="Proveedores nacionales" NumCta="201.01.01" Haber="0.00" Debe="1896.17">
          </PLZ:Transaccion>
        <PLZ:Transaccion Concepto="Banco 5136 - cons/2024/01/0023" DesCta="Proveedores nacionales" NumCta="201.01.01" Haber="0.00" Debe="10600.00">
          </PLZ:Transaccion>
        <PLZ:Transaccion Concepto="Banco 5136 - cons/2024/01/0024" DesCta="Proveedores nacionales" NumCta="201.01.01" Haber="0.00" Debe="2493.00">
          </PLZ:Transaccion>
    </PLZ:Poliza>
    <PLZ:Poliza Fecha="2024-02-20" Concepto="Pago efectivo" NumUnIdenPol="CBMX/2024/02/0196">
        <PLZ:Transaccion Concepto="Pago efectivo - 16%" DesCta="IVA pendiente de pago" NumCta="119.01.01" Haber="1462.07" Debe="0.00">
          </PLZ:Transaccion>
        <PLZ:Transaccion Concepto="Pago efectivo - 16%" DesCta="IVA acreditable pagado" NumCta="118.01.01" Haber="0.00" Debe="1462.07">
          </PLZ:Transaccion>
        <PLZ:Transaccion Concepto="Pago efectivo - cons/2024/01/0023" DesCta="Base Imponible de Impuestos en Base a Flujo de Efectivo" NumCta="899.01.99" Haber="9137.93" Debe="0.00">
          </PLZ:Transaccion>
        <PLZ:Transaccion Concepto="Pago efectivo - cons/2024/01/0023" DesCta="Base Imponible de Impuestos en Base a Flujo de Efectivo" NumCta="899.01.99" Haber="0.00" Debe="9137.93">
          </PLZ:Transaccion>
    </PLZ:Poliza>
    <PLZ:Poliza Fecha="2024-02-20" Concepto="Pago efectivo" NumUnIdenPol="CBMX/2024/02/0197">
        <PLZ:Transaccion Concepto="Pago efectivo - 16%" DesCta="IVA pendiente de pago" NumCta="119.01.01" Haber="343.86" Debe="0.00">
          </PLZ:Transaccion>
        <PLZ:Transaccion Concepto="Pago efectivo - 16%" DesCta="IVA acreditable pagado" NumCta="118.01.01" Haber="0.00" Debe="343.86">
          </PLZ:Transaccion>
        <PLZ:Transaccion Concepto="Pago efectivo - cons/2024/01/0024" DesCta="Base Imponible de Impuestos en Base a Flujo de Efectivo" NumCta="899.01.99" Haber="2149.14" Debe="0.00">
          </PLZ:Transaccion>
        <PLZ:Transaccion Concepto="Pago efectivo - cons/2024/01/0024" DesCta="Base Imponible de Impuestos en Base a Flujo de Efectivo" NumCta="899.01.99" Haber="0.00" Debe="2149.14">
          </PLZ:Transaccion>
    </PLZ:Poliza>
    <PLZ:Poliza Fecha="2024-02-20" Concepto="Pago efectivo" NumUnIdenPol="CBMX/2024/02/0198">
        <PLZ:Transaccion Concepto="Pago efectivo - 16%" DesCta="IVA pendiente de pago" NumCta="119.01.01" Haber="1.49" Debe="0.00">
          </PLZ:Transaccion>
        <PLZ:Transaccion Concepto="Pago efectivo - 16%" DesCta="IVA acreditable pagado" NumCta="118.01.01" Haber="0.00" Debe="1.49">
          </PLZ:Transaccion>
        <PLZ:Transaccion Concepto="Pago efectivo - cons/2024/01/0017" DesCta="Base Imponible de Impuestos en Base a Flujo de Efectivo" NumCta="899.01.99" Haber="9.34" Debe="0.00">
          </PLZ:Transaccion>
        <PLZ:Transaccion Concepto="Pago efectivo - cons/2024/01/0017" DesCta="Base Imponible de Impuestos en Base a Flujo de Efectivo" NumCta="899.01.99" Haber="0.00" Debe="9.34">
          </PLZ:Transaccion>
    </PLZ:Poliza>
    <PLZ:Poliza Fecha="2024-02-20" Concepto="Pago efectivo" NumUnIdenPol="CBMX/2024/02/0199">
        <PLZ:Transaccion Concepto="Pago efectivo - 16%" DesCta="IVA pendiente de pago" NumCta="119.01.01" Haber="261.54" Debe="0.00">
          </PLZ:Transaccion>
        <PLZ:Transaccion Concepto="Pago efectivo - 16%" DesCta="IVA acreditable pagado" NumCta="118.01.01" Haber="0.00" Debe="261.54">
          </PLZ:Transaccion>
        <PLZ:Transaccion Concepto="Pago efectivo - cons/2024/01/0018" DesCta="Base Imponible de Impuestos en Base a Flujo de Efectivo" NumCta="899.01.99" Haber="1634.63" Debe="0.00">
          </PLZ:Transaccion>
        <PLZ:Transaccion Concepto="Pago efectivo - cons/2024/01/0018" DesCta="Base Imponible de Impuestos en Base a Flujo de Efectivo" NumCta="899.01.99" Haber="0.00" Debe="1634.63">
          </PLZ:Transaccion>
    </PLZ:Poliza>
    <PLZ:Poliza Fecha="2024-02-21" Concepto="Facturas de cliente" NumUnIdenPol="MUNICIPIO DE JIQUILPAN MICHOACAN106">
        <PLZ:Transaccion Concepto="Facturas de cliente - 16%" DesCta="IVA trasladado no cobrado" NumCta="209.01.01" Haber="32372.19" Debe="0.00">
            <PLZ:CompNal UUID_CFDI="30D52BA2-0C66-428C-AAFE-63DB7AE8A1C1" RFC="IIA191113HL0" MontoTotal="-32372.19"></PLZ:CompNal>
          </PLZ:Transaccion>
        <PLZ:Transaccion Concepto="Facturas de cliente - Cambio de linea de drenaje y registro en vestidores" DesCta="Ventas y/o servicios gravados a la tasa general" NumCta="401.01.01" Haber="3879.31" Debe="0.00">
            <PLZ:CompNal UUID_CFDI="30D52BA2-0C66-428C-AAFE-63DB7AE8A1C1" RFC="IIA191113HL0" MontoTotal="-3879.31"></PLZ:CompNal>
          </PLZ:Transaccion>
        <PLZ:Transaccion Concepto="Facturas de cliente - Cambio de perfiles de aluminio en puerta de almacen" DesCta="Ventas y/o servicios gravados a la tasa general" NumCta="401.01.01" Haber="4137.93" Debe="0.00">
            <PLZ:CompNal UUID_CFDI="30D52BA2-0C66-428C-AAFE-63DB7AE8A1C1" RFC="IIA191113HL0" MontoTotal="-4137.93"></PLZ:CompNal>
          </PLZ:Transaccion>
        <PLZ:Transaccion Concepto="Facturas de cliente - Colocación de concreto hidráulico en banqueta y machuelo" DesCta="Ventas y/o servicios gravados a la tasa general" NumCta="401.01.01" Haber="3623.70" Debe="0.00">
            <PLZ:CompNal UUID_CFDI="30D52BA2-0C66-428C-AAFE-63DB7AE8A1C1" RFC="IIA191113HL0" MontoTotal="-3623.70"></PLZ:CompNal>
          </PLZ:Transaccion>
        <PLZ:Transaccion Concepto="Facturas de cliente - MUNICIPIO DE JIQUILPAN MICHOACAN106" DesCta="Clientes nacionales" NumCta="105.01.01" Haber="0.00" Debe="234698.36">
            <PLZ:CompNal UUID_CFDI="30D52BA2-0C66-428C-AAFE-63DB7AE8A1C1" RFC="IIA191113HL0" MontoTotal="234698.36"></PLZ:CompNal>
          </PLZ:Transaccion>
        <PLZ:Transaccion Concepto="Facturas de cliente - Restauración de pisos epóxicos juntas de concreto en losas y machuelos" DesCta="Ventas y/o servicios gravados a la tasa general" NumCta="401.01.01" Haber="179940.50" Debe="0.00">
            <PLZ:CompNal UUID_CFDI="30D52BA2-0C66-428C-AAFE-63DB7AE8A1C1" RFC="IIA191113HL0" MontoTotal="-179940.50"></PLZ:CompNal>
          </PLZ:Transaccion>
        <PLZ:Transaccion Concepto="Facturas de cliente - Suministro de pintura epóxica para área de almacen" DesCta="Ventas y/o servicios gravados a la tasa general" NumCta="401.01.01" Haber="4034.48" Debe="0.00">
            <PLZ:CompNal UUID_CFDI="30D52BA2-0C66-428C-AAFE-63DB7AE8A1C1" RFC="IIA191113HL0" MontoTotal="-4034.48"></PLZ:CompNal>
          </PLZ:Transaccion>
        <PLZ:Transaccion Concepto="Facturas de cliente - Suministro y colocación de block cara de piedra en muro lateral de planta" DesCta="Ventas y/o servicios gravados a la tasa general" NumCta="401.01.01" Haber="3432.00" Debe="0.00">
            <PLZ:CompNal UUID_CFDI="30D52BA2-0C66-428C-AAFE-63DB7AE8A1C1" RFC="IIA191113HL0" MontoTotal="-3432.00"></PLZ:CompNal>
          </PLZ:Transaccion>
        <PLZ:Transaccion Concepto="Facturas de cliente - Suministro y colocación de concreto en laterales de cimiento" DesCta="Ventas y/o servicios gravados a la tasa general" NumCta="401.01.01" Haber="3278.25" Debe="0.00">
            <PLZ:CompNal UUID_CFDI="30D52BA2-0C66-428C-AAFE-63DB7AE8A1C1" RFC="IIA191113HL0" MontoTotal="-3278.25"></PLZ:CompNal>
          </PLZ:Transaccion>
    </PLZ:Poliza>
    <PLZ:Poliza Fecha="2024-02-21" Concepto="Banco 5136" NumUnIdenPol="BNK1/2024/00073">
        <PLZ:Transaccion Concepto="Banco 5136 - NOVA CASA JIQUILPAN RFC:NCZ 910320TG8" DesCta="Banorte 5136" NumCta="102.01.07" Haber="1205.70" Debe="0.00">
          </PLZ:Transaccion>
        <PLZ:Transaccion Concepto="Banco 5136 - cons/2024/02/0060" DesCta="Proveedores nacionales" NumCta="201.01.01" Haber="0.00" Debe="1205.70">
          </PLZ:Transaccion>
    </PLZ:Poliza>
    <PLZ:Poliza Fecha="2024-02-21" Concepto="Banco 5136" NumUnIdenPol="BNK1/2024/00071">
        <PLZ:Transaccion Concepto="Banco 5136 - INDUST PEGADURO RFC:IPE 910308739" DesCta="Banorte 5136" NumCta="102.01.07" Haber="4508.06" Debe="0.00">
          </PLZ:Transaccion>
        <PLZ:Transaccion Concepto="Banco 5136 - INDUST PEGADURO RFC:IPE 910308739" DesCta="Gastos no deducibles (sin requisitos fiscales)                             " NumCta="601.83.01" Haber="0.00" Debe="0.01">
          </PLZ:Transaccion>
        <PLZ:Transaccion Concepto="Banco 5136 - cons/2024/02/0049" DesCta="Proveedores nacionales" NumCta="201.01.01" Haber="0.00" Debe="0.06">
          </PLZ:Transaccion>
        <PLZ:Transaccion Concepto="Banco 5136 - cons/2024/02/0052" DesCta="Proveedores nacionales" NumCta="201.01.01" Haber="0.00" Debe="4507.99">
          </PLZ:Transaccion>
    </PLZ:Poliza>
    <PLZ:Poliza Fecha="2024-02-21" Concepto="Banco 5136" NumUnIdenPol="BNK1/2024/00072">
        <PLZ:Transaccion Concepto="Banco 5136 - INDUST PEGADURO RFC:IPE 910308739" DesCta="Banorte 5136" NumCta="102.01.07" Haber="5746.00" Debe="0.00">
          </PLZ:Transaccion>
        <PLZ:Transaccion Concepto="Banco 5136 - INDUST PEGADURO RFC:IPE 910308739" DesCta="Gastos no deducibles (sin requisitos fiscales)                             " NumCta="601.83.01" Haber="0.00" Debe="0.11">
          </PLZ:Transaccion>
        <PLZ:Transaccion Concepto="Banco 5136 - cons/2024/02/0053" DesCta="Proveedores nacionales" NumCta="201.01.01" Haber="0.00" Debe="5745.89">
          </PLZ:Transaccion>
    </PLZ:Poliza>
    <PLZ:Poliza Fecha="2024-02-21" Concepto="Banco 5136" NumUnIdenPol="BNK1/2024/00074">
        <PLZ:Transaccion Concepto="Banco 5136 - MAD MAGALLON RFC:MAAH720713IN0" DesCta="Banorte 5136" NumCta="102.01.07" Haber="3760.00" Debe="0.00">
          </PLZ:Transaccion>
        <PLZ:Transaccion Concepto="Banco 5136 - cons/2024/02/0033" DesCta="Proveedores nacionales" NumCta="201.01.01" Haber="0.00" Debe="3760.00">
          </PLZ:Transaccion>
    </PLZ:Poliza>
    <PLZ:Poliza Fecha="2024-02-21" Concepto="Banco 5136" NumUnIdenPol="BNK1/2024/00075">
        <PLZ:Transaccion Concepto="Banco 5136 - COMPRA ORDEN DE PAGO SPEI 0210224 REFERENCIA CTA/CLABE: 002370701273057710, BXI SPEI BCO:002 BENEF:Marco Octavio Chavez Castell (DATO NO VERIF POR ESTA INST), Asfalto CVE RASTREO: [...]" DesCta="Banorte 5136" NumCta="102.01.07" Haber="40000.00" Debe="0.00">
          </PLZ:Transaccion>
        <PLZ:Transaccion Concepto="Banco 5136 - cons/2024/03/0016" DesCta="Proveedores nacionales" NumCta="201.01.01" Haber="0.00" Debe="40000.00">
          </PLZ:Transaccion>
    </PLZ:Poliza>
    <PLZ:Poliza Fecha="2024-02-21" Concepto="Banco 5136" NumUnIdenPol="BNK1/2024/00076">
        <PLZ:Transaccion Concepto="Banco 5136 - COMISION ORDEN DE PAGO SPEI REFERENCIA: 0210224" DesCta="Banorte 5136" NumCta="102.01.07" Haber="5.00" Debe="0.00">
          </PLZ:Transaccion>
        <PLZ:Transaccion Concepto="Banco 5136 - cons/2024/02/0005" DesCta="Proveedores nacionales" NumCta="201.01.01" Haber="0.00" Debe="5.00">
          </PLZ:Transaccion>
    </PLZ:Poliza>
    <PLZ:Poliza Fecha="2024-02-21" Concepto="Banco 5136" NumUnIdenPol="BNK1/2024/00079">
        <PLZ:Transaccion Concepto="Banco 5136 - COMISION ORDEN DE PAGO SPEI REFERENCIA: 0210224" DesCta="Banorte 5136" NumCta="102.01.07" Haber="5.00" Debe="0.00">
          </PLZ:Transaccion>
        <PLZ:Transaccion Concepto="Banco 5136 - cons/2024/02/0005" DesCta="Proveedores nacionales" NumCta="201.01.01" Haber="0.00" Debe="5.00">
          </PLZ:Transaccion>
    </PLZ:Poliza>
    <PLZ:Poliza Fecha="2024-02-21" Concepto="Banco 5136" NumUnIdenPol="BNK1/2024/00077">
        <PLZ:Transaccion Concepto="Banco 5136 - I.V.A. ORDEN DE PAGO SPEI REFERENCIA: 0210224" DesCta="Banorte 5136" NumCta="102.01.07" Haber="0.80" Debe="0.00">
          </PLZ:Transaccion>
        <PLZ:Transaccion Concepto="Banco 5136 - cons/2024/02/0005" DesCta="Proveedores nacionales" NumCta="201.01.01" Haber="0.00" Debe="0.80">
          </PLZ:Transaccion>
    </PLZ:Poliza>
    <PLZ:Poliza Fecha="2024-02-21" Concepto="Banco 5136" NumUnIdenPol="BNK1/2024/00080">
        <PLZ:Transaccion Concepto="Banco 5136 - I.V.A. ORDEN DE PAGO SPEI REFERENCIA: 0210224" DesCta="Banorte 5136" NumCta="102.01.07" Haber="0.80" Debe="0.00">
          </PLZ:Transaccion>
        <PLZ:Transaccion Concepto="Banco 5136 - cons/2024/02/0005" DesCta="Proveedores nacionales" NumCta="201.01.01" Haber="0.00" Debe="0.80">
          </PLZ:Transaccion>
    </PLZ:Poliza>
    <PLZ:Poliza Fecha="2024-02-21" Concepto="Banco 5136" NumUnIdenPol="BNK1/2024/00078">
        <PLZ:Transaccion Concepto="Banco 5136 - COMPRA ORDEN DE PAGO SPEI 0210224 =REFERENCIA CTA/CLABE: 4152313922011718, BXI SPEI BCO:012 BENEF:ED CORONA (DATO NO VERIF POR ESTA INST), E CVE RASTREO: 7875APR2202402212868373372 [...]" DesCta="Banorte 5136" NumCta="102.01.07" Haber="2500.00" Debe="0.00">
          </PLZ:Transaccion>
        <PLZ:Transaccion Concepto="Banco 5136 - cons/2024/01/0039" DesCta="Proveedores nacionales" NumCta="201.01.01" Haber="0.00" Debe="924.82">
          </PLZ:Transaccion>
        <PLZ:Transaccion Concepto="Banco 5136 - cons/2024/01/0054" DesCta="Proveedores nacionales" NumCta="201.01.01" Haber="0.00" Debe="1575.18">
          </PLZ:Transaccion>
    </PLZ:Poliza>
    <PLZ:Poliza Fecha="2024-02-21" Concepto="Pago efectivo" NumUnIdenPol="CBMX/2024/02/0168">
        <PLZ:Transaccion Concepto="Pago efectivo - 16%" DesCta="IVA pendiente de pago" NumCta="119.01.01" Haber="127.56" Debe="0.00">
          </PLZ:Transaccion>
        <PLZ:Transaccion Concepto="Pago efectivo - 16%" DesCta="IVA acreditable pagado" NumCta="118.01.01" Haber="0.00" Debe="127.56">
          </PLZ:Transaccion>
        <PLZ:Transaccion Concepto="Pago efectivo - cons/2024/01/0039" DesCta="Base Imponible de Impuestos en Base a Flujo de Efectivo" NumCta="899.01.99" Haber="797.26" Debe="0.00">
          </PLZ:Transaccion>
        <PLZ:Transaccion Concepto="Pago efectivo - cons/2024/01/0039" DesCta="Base Imponible de Impuestos en Base a Flujo de Efectivo" NumCta="899.01.99" Haber="0.00" Debe="797.26">
          </PLZ:Transaccion>
    </PLZ:Poliza>
    <PLZ:Poliza Fecha="2024-02-21" Concepto="Pago efectivo" NumUnIdenPol="CBMX/2024/02/0169">
        <PLZ:Transaccion Concepto="Pago efectivo - 16%" DesCta="IVA pendiente de pago" NumCta="119.01.01" Haber="217.27" Debe="0.00">
          </PLZ:Transaccion>
        <PLZ:Transaccion Concepto="Pago efectivo - 16%" DesCta="IVA acreditable pagado" NumCta="118.01.01" Haber="0.00" Debe="217.27">
          </PLZ:Transaccion>
        <PLZ:Transaccion Concepto="Pago efectivo - cons/2024/01/0054" DesCta="Base Imponible de Impuestos en Base a Flujo de Efectivo" NumCta="899.01.99" Haber="1357.92" Debe="0.00">
          </PLZ:Transaccion>
        <PLZ:Transaccion Concepto="Pago efectivo - cons/2024/01/0054" DesCta="Base Imponible de Impuestos en Base a Flujo de Efectivo" NumCta="899.01.99" Haber="0.00" Debe="1357.92">
          </PLZ:Transaccion>
    </PLZ:Poliza>
    <PLZ:Poliza Fecha="2024-02-22" Concepto="Banco 5136" NumUnIdenPol="BNK1/2024/00081">
        <PLZ:Transaccion Concepto="Banco 5136 - MAD MAGALLON RFC:MAAH720713IN0" DesCta="Banorte 5136" NumCta="102.01.07" Haber="4440.00" Debe="0.00">
          </PLZ:Transaccion>
        <PLZ:Transaccion Concepto="Banco 5136 - cons/2024/02/0034" DesCta="Proveedores nacionales" NumCta="201.01.01" Haber="0.00" Debe="4440.00">
          </PLZ:Transaccion>
    </PLZ:Poliza>
    <PLZ:Poliza Fecha="2024-02-23" Concepto="Banco 5136" NumUnIdenPol="BNK1/2024/00082">
        <PLZ:Transaccion Concepto="Banco 5136 - FERRETERIA PICAZO RFC:SAGP791210HNA" DesCta="Banorte 5136" NumCta="102.01.07" Haber="1175.02" Debe="0.00">
          </PLZ:Transaccion>
        <PLZ:Transaccion Concepto="Banco 5136 - cons/2024/02/0022" DesCta="Proveedores nacionales" NumCta="201.01.01" Haber="0.00" Debe="1175.02">
          </PLZ:Transaccion>
    </PLZ:Poliza>
    <PLZ:Poliza Fecha="2024-02-23" Concepto="Banco 5136" NumUnIdenPol="BNK1/2024/00083">
        <PLZ:Transaccion Concepto="Banco 5136 - BNET01002402230041192051 SPEI RECIBIDO, BCO:0012 BBVA BANCOMER HR LIQ: 10:41:14 DEL CLIENTE INDAMEX INDUSTRIALIZ ADORA DE ALIMENTOS DE LA CLABE 012535001142111704 CON RFC [...]" DesCta="Banorte 5136" NumCta="102.01.07" Haber="0.00" Debe="234697.48">
          </PLZ:Transaccion>
        <PLZ:Transaccion Concepto="Banco 5136 - MUNICIPIO DE JIQUILPAN MICHOACAN106" DesCta="Clientes nacionales" NumCta="105.01.01" Haber="234697.48" Debe="0.00">
          </PLZ:Transaccion>
    </PLZ:Poliza>
    <PLZ:Poliza Fecha="2024-02-23" Concepto="Pago efectivo" NumUnIdenPol="CBMX/2024/02/0130">
        <PLZ:Transaccion Concepto="Pago efectivo - 16%" DesCta="IVA trasladado no cobrado" NumCta="209.01.01" Haber="0.00" Debe="32372.07">
          </PLZ:Transaccion>
        <PLZ:Transaccion Concepto="Pago efectivo - 16%" DesCta="IVA trasladado cobrado" NumCta="208.01.01" Haber="32372.07" Debe="0.00">
          </PLZ:Transaccion>
        <PLZ:Transaccion Concepto="Pago efectivo - MUNICIPIO DE JIQUILPAN MICHOACAN106" DesCta="Base Imponible de Impuestos en Base a Flujo de Efectivo" NumCta="899.01.99" Haber="0.00" Debe="202325.42">
          </PLZ:Transaccion>
        <PLZ:Transaccion Concepto="Pago efectivo - MUNICIPIO DE JIQUILPAN MICHOACAN106" DesCta="Base Imponible de Impuestos en Base a Flujo de Efectivo" NumCta="899.01.99" Haber="202325.42" Debe="0.00">
          </PLZ:Transaccion>
    </PLZ:Poliza>
    <PLZ:Poliza Fecha="2024-02-24" Concepto="Banco 5136" NumUnIdenPol="BNK1/2024/00085">
        <PLZ:Transaccion Concepto="Banco 5136 - COMISION ORDEN DE PAGO SPEI REFERENCIA: 0240224" DesCta="Banorte 5136" NumCta="102.01.07" Haber="5.00" Debe="0.00">
          </PLZ:Transaccion>
        <PLZ:Transaccion Concepto="Banco 5136 - cons/2024/02/0005" DesCta="Proveedores nacionales" NumCta="201.01.01" Haber="0.00" Debe="5.00">
          </PLZ:Transaccion>
    </PLZ:Poliza>
    <PLZ:Poliza Fecha="2024-02-24" Concepto="Banco 5136" NumUnIdenPol="BNK1/2024/00088">
        <PLZ:Transaccion Concepto="Banco 5136 - COMISION ORDEN DE PAGO SPEI REFERENCIA: 0240224" DesCta="Banorte 5136" NumCta="102.01.07" Haber="5.00" Debe="0.00">
          </PLZ:Transaccion>
        <PLZ:Transaccion Concepto="Banco 5136 - cons/2024/02/0005" DesCta="Proveedores nacionales" NumCta="201.01.01" Haber="0.00" Debe="5.00">
          </PLZ:Transaccion>
    </PLZ:Poliza>
    <PLZ:Poliza Fecha="2024-02-24" Concepto="Banco 5136" NumUnIdenPol="BNK1/2024/00091">
        <PLZ:Transaccion Concepto="Banco 5136 - COMISION ORDEN DE PAGO SPEI REFERENCIA: 0240224" DesCta="Banorte 5136" NumCta="102.01.07" Haber="5.00" Debe="0.00">
          </PLZ:Transaccion>
        <PLZ:Transaccion Concepto="Banco 5136 - cons/2024/02/0005" DesCta="Proveedores nacionales" NumCta="201.01.01" Haber="0.00" Debe="5.00">
          </PLZ:Transaccion>
    </PLZ:Poliza>
    <PLZ:Poliza Fecha="2024-02-24" Concepto="Banco 5136" NumUnIdenPol="BNK1/2024/00094">
        <PLZ:Transaccion Concepto="Banco 5136 - COMISION ORDEN DE PAGO SPEI REFERENCIA: 0240224" DesCta="Banorte 5136" NumCta="102.01.07" Haber="5.00" Debe="0.00">
          </PLZ:Transaccion>
        <PLZ:Transaccion Concepto="Banco 5136 - cons/2024/02/0005" DesCta="Proveedores nacionales" NumCta="201.01.01" Haber="0.00" Debe="5.00">
          </PLZ:Transaccion>
    </PLZ:Poliza>
    <PLZ:Poliza Fecha="2024-02-24" Concepto="Banco 5136" NumUnIdenPol="BNK1/2024/00086">
        <PLZ:Transaccion Concepto="Banco 5136 - I.V.A. ORDEN DE PAGO SPEI REFERENCIA: 0240224" DesCta="Banorte 5136" NumCta="102.01.07" Haber="0.80" Debe="0.00">
          </PLZ:Transaccion>
        <PLZ:Transaccion Concepto="Banco 5136 - cons/2024/02/0005" DesCta="Proveedores nacionales" NumCta="201.01.01" Haber="0.00" Debe="0.80">
          </PLZ:Transaccion>
    </PLZ:Poliza>
    <PLZ:Poliza Fecha="2024-02-24" Concepto="Banco 5136" NumUnIdenPol="BNK1/2024/00089">
        <PLZ:Transaccion Concepto="Banco 5136 - I.V.A. ORDEN DE PAGO SPEI REFERENCIA: 0240224" DesCta="Banorte 5136" NumCta="102.01.07" Haber="0.80" Debe="0.00">
          </PLZ:Transaccion>
        <PLZ:Transaccion Concepto="Banco 5136 - cons/2024/02/0005" DesCta="Proveedores nacionales" NumCta="201.01.01" Haber="0.00" Debe="0.80">
          </PLZ:Transaccion>
    </PLZ:Poliza>
    <PLZ:Poliza Fecha="2024-02-24" Concepto="Banco 5136" NumUnIdenPol="BNK1/2024/00092">
        <PLZ:Transaccion Concepto="Banco 5136 - I.V.A. ORDEN DE PAGO SPEI REFERENCIA: 0240224" DesCta="Banorte 5136" NumCta="102.01.07" Haber="0.80" Debe="0.00">
          </PLZ:Transaccion>
        <PLZ:Transaccion Concepto="Banco 5136 - cons/2024/02/0005" DesCta="Proveedores nacionales" NumCta="201.01.01" Haber="0.00" Debe="0.80">
          </PLZ:Transaccion>
    </PLZ:Poliza>
    <PLZ:Poliza Fecha="2024-02-24" Concepto="Banco 5136" NumUnIdenPol="BNK1/2024/00095">
        <PLZ:Transaccion Concepto="Banco 5136 - I.V.A. ORDEN DE PAGO SPEI REFERENCIA: 0240224" DesCta="Banorte 5136" NumCta="102.01.07" Haber="0.80" Debe="0.00">
          </PLZ:Transaccion>
        <PLZ:Transaccion Concepto="Banco 5136 - cons/2024/02/0005" DesCta="Proveedores nacionales" NumCta="201.01.01" Haber="0.00" Debe="0.80">
          </PLZ:Transaccion>
    </PLZ:Poliza>
    <PLZ:Poliza Fecha="2024-02-24" Concepto="Banco 5136" NumUnIdenPol="BNK1/2024/00090">
        <PLZ:Transaccion Concepto="Banco 5136 - COMPRA ORDEN DE PAGO SPEI 0240224 =REFERENCIA CTA/CLABE: 4152313922011718, BXI SPEI BCO:012 BENEF:ED CORONA (DATO NO VERIF POR ESTA INST), ED CVE RASTREO: 7875APR1202402242874488043 [...]" DesCta="Banorte 5136" NumCta="102.01.07" Haber="10000.00" Debe="0.00">
          </PLZ:Transaccion>
        <PLZ:Transaccion Concepto="Banco 5136 - cons/2024/02/0016" DesCta="Proveedores nacionales" NumCta="201.01.01" Haber="0.00" Debe="10000.00">
          </PLZ:Transaccion>
    </PLZ:Poliza>
    <PLZ:Poliza Fecha="2024-02-24" Concepto="Banco 5136" NumUnIdenPol="BNK1/2024/00084">
        <PLZ:Transaccion Concepto="Banco 5136 - COMPRA ORDEN DE PAGO SPEI 0240224 = REFERENCIA CTA/CLABE: 4152313922011718, BXI SPEI BCO:012 BENEF:ED CORONA (DATO NO VERIF POR ESTA INST), e CVE RASTREO: 7875APR2202402242873886745 [...]" DesCta="Banorte 5136" NumCta="102.01.07" Haber="14000.00" Debe="0.00">
          </PLZ:Transaccion>
        <PLZ:Transaccion Concepto="Banco 5136 - cons/2024/01/0026" DesCta="Proveedores nacionales" NumCta="201.01.01" Haber="0.00" Debe="1969.96">
          </PLZ:Transaccion>
        <PLZ:Transaccion Concepto="Banco 5136 - cons/2024/01/0032" DesCta="Proveedores nacionales" NumCta="201.01.01" Haber="0.00" Debe="376.25">
          </PLZ:Transaccion>
        <PLZ:Transaccion Concepto="Banco 5136 - cons/2024/01/0033" DesCta="Proveedores nacionales" NumCta="201.01.01" Haber="0.00" Debe="1969.96">
          </PLZ:Transaccion>
        <PLZ:Transaccion Concepto="Banco 5136 - cons/2024/01/0034" DesCta="Proveedores nacionales" NumCta="201.01.01" Haber="0.00" Debe="1969.96">
          </PLZ:Transaccion>
        <PLZ:Transaccion Concepto="Banco 5136 - cons/2024/01/0035" DesCta="Proveedores nacionales" NumCta="201.01.01" Haber="0.00" Debe="1969.96">
          </PLZ:Transaccion>
        <PLZ:Transaccion Concepto="Banco 5136 - cons/2024/01/0036" DesCta="Proveedores nacionales" NumCta="201.01.01" Haber="0.00" Debe="1969.96">
          </PLZ:Transaccion>
        <PLZ:Transaccion Concepto="Banco 5136 - cons/2024/01/0037" DesCta="Proveedores nacionales" NumCta="201.01.01" Haber="0.00" Debe="1969.96">
          </PLZ:Transaccion>
        <PLZ:Transaccion Concepto="Banco 5136 - cons/2024/01/0038" DesCta="Proveedores nacionales" NumCta="201.01.01" Haber="0.00" Debe="984.98">
          </PLZ:Transaccion>
        <PLZ:Transaccion Concepto="Banco 5136 - cons/2024/01/0039" DesCta="Proveedores nacionales" NumCta="201.01.01" Haber="0.00" Debe="819.01">
          </PLZ:Transaccion>
    </PLZ:Poliza>
    <PLZ:Poliza Fecha="2024-02-24" Concepto="Pago efectivo" NumUnIdenPol="CBMX/2024/02/0152">
        <PLZ:Transaccion Concepto="Pago efectivo - 16%" DesCta="IVA pendiente de pago" NumCta="119.01.01" Haber="271.72" Debe="0.00">
          </PLZ:Transaccion>
        <PLZ:Transaccion Concepto="Pago efectivo - 16%" DesCta="IVA acreditable pagado" NumCta="118.01.01" Haber="0.00" Debe="271.72">
          </PLZ:Transaccion>
        <PLZ:Transaccion Concepto="Pago efectivo - cons/2024/01/0026" DesCta="Base Imponible de Impuestos en Base a Flujo de Efectivo" NumCta="899.01.99" Haber="1698.24" Debe="0.00">
          </PLZ:Transaccion>
        <PLZ:Transaccion Concepto="Pago efectivo - cons/2024/01/0026" DesCta="Base Imponible de Impuestos en Base a Flujo de Efectivo" NumCta="899.01.99" Haber="0.00" Debe="1698.24">
          </PLZ:Transaccion>
    </PLZ:Poliza>
    <PLZ:Poliza Fecha="2024-02-24" Concepto="Pago efectivo" NumUnIdenPol="CBMX/2024/02/0153">
        <PLZ:Transaccion Concepto="Pago efectivo - 16%" DesCta="IVA pendiente de pago" NumCta="119.01.01" Haber="51.90" Debe="0.00">
          </PLZ:Transaccion>
        <PLZ:Transaccion Concepto="Pago efectivo - 16%" DesCta="IVA acreditable pagado" NumCta="118.01.01" Haber="0.00" Debe="51.90">
          </PLZ:Transaccion>
        <PLZ:Transaccion Concepto="Pago efectivo - cons/2024/01/0032" DesCta="Base Imponible de Impuestos en Base a Flujo de Efectivo" NumCta="899.01.99" Haber="324.35" Debe="0.00">
          </PLZ:Transaccion>
        <PLZ:Transaccion Concepto="Pago efectivo - cons/2024/01/0032" DesCta="Base Imponible de Impuestos en Base a Flujo de Efectivo" NumCta="899.01.99" Haber="0.00" Debe="324.35">
          </PLZ:Transaccion>
    </PLZ:Poliza>
    <PLZ:Poliza Fecha="2024-02-24" Concepto="Pago efectivo" NumUnIdenPol="CBMX/2024/02/0154">
        <PLZ:Transaccion Concepto="Pago efectivo - 16%" DesCta="IVA pendiente de pago" NumCta="119.01.01" Haber="271.72" Debe="0.00">
          </PLZ:Transaccion>
        <PLZ:Transaccion Concepto="Pago efectivo - 16%" DesCta="IVA acreditable pagado" NumCta="118.01.01" Haber="0.00" Debe="271.72">
          </PLZ:Transaccion>
        <PLZ:Transaccion Concepto="Pago efectivo - cons/2024/01/0033" DesCta="Base Imponible de Impuestos en Base a Flujo de Efectivo" NumCta="899.01.99" Haber="1698.24" Debe="0.00">
          </PLZ:Transaccion>
        <PLZ:Transaccion Concepto="Pago efectivo - cons/2024/01/0033" DesCta="Base Imponible de Impuestos en Base a Flujo de Efectivo" NumCta="899.01.99" Haber="0.00" Debe="1698.24">
          </PLZ:Transaccion>
    </PLZ:Poliza>
    <PLZ:Poliza Fecha="2024-02-24" Concepto="Pago efectivo" NumUnIdenPol="CBMX/2024/02/0155">
        <PLZ:Transaccion Concepto="Pago efectivo - 16%" DesCta="IVA pendiente de pago" NumCta="119.01.01" Haber="271.72" Debe="0.00">
          </PLZ:Transaccion>
        <PLZ:Transaccion Concepto="Pago efectivo - 16%" DesCta="IVA acreditable pagado" NumCta="118.01.01" Haber="0.00" Debe="271.72">
          </PLZ:Transaccion>
        <PLZ:Transaccion Concepto="Pago efectivo - cons/2024/01/0034" DesCta="Base Imponible de Impuestos en Base a Flujo de Efectivo" NumCta="899.01.99" Haber="1698.24" Debe="0.00">
          </PLZ:Transaccion>
        <PLZ:Transaccion Concepto="Pago efectivo - cons/2024/01/0034" DesCta="Base Imponible de Impuestos en Base a Flujo de Efectivo" NumCta="899.01.99" Haber="0.00" Debe="1698.24">
          </PLZ:Transaccion>
    </PLZ:Poliza>
    <PLZ:Poliza Fecha="2024-02-24" Concepto="Pago efectivo" NumUnIdenPol="CBMX/2024/02/0156">
        <PLZ:Transaccion Concepto="Pago efectivo - 16%" DesCta="IVA pendiente de pago" NumCta="119.01.01" Haber="271.72" Debe="0.00">
          </PLZ:Transaccion>
        <PLZ:Transaccion Concepto="Pago efectivo - 16%" DesCta="IVA acreditable pagado" NumCta="118.01.01" Haber="0.00" Debe="271.72">
          </PLZ:Transaccion>
        <PLZ:Transaccion Concepto="Pago efectivo - cons/2024/01/0035" DesCta="Base Imponible de Impuestos en Base a Flujo de Efectivo" NumCta="899.01.99" Haber="1698.24" Debe="0.00">
          </PLZ:Transaccion>
        <PLZ:Transaccion Concepto="Pago efectivo - cons/2024/01/0035" DesCta="Base Imponible de Impuestos en Base a Flujo de Efectivo" NumCta="899.01.99" Haber="0.00" Debe="1698.24">
          </PLZ:Transaccion>
    </PLZ:Poliza>
    <PLZ:Poliza Fecha="2024-02-24" Concepto="Pago efectivo" NumUnIdenPol="CBMX/2024/02/0157">
        <PLZ:Transaccion Concepto="Pago efectivo - 16%" DesCta="IVA pendiente de pago" NumCta="119.01.01" Haber="271.72" Debe="0.00">
          </PLZ:Transaccion>
        <PLZ:Transaccion Concepto="Pago efectivo - 16%" DesCta="IVA acreditable pagado" NumCta="118.01.01" Haber="0.00" Debe="271.72">
          </PLZ:Transaccion>
        <PLZ:Transaccion Concepto="Pago efectivo - cons/2024/01/0036" DesCta="Base Imponible de Impuestos en Base a Flujo de Efectivo" NumCta="899.01.99" Haber="1698.24" Debe="0.00">
          </PLZ:Transaccion>
        <PLZ:Transaccion Concepto="Pago efectivo - cons/2024/01/0036" DesCta="Base Imponible de Impuestos en Base a Flujo de Efectivo" NumCta="899.01.99" Haber="0.00" Debe="1698.24">
          </PLZ:Transaccion>
    </PLZ:Poliza>
    <PLZ:Poliza Fecha="2024-02-24" Concepto="Pago efectivo" NumUnIdenPol="CBMX/2024/02/0158">
        <PLZ:Transaccion Concepto="Pago efectivo - 16%" DesCta="IVA pendiente de pago" NumCta="119.01.01" Haber="271.72" Debe="0.00">
          </PLZ:Transaccion>
        <PLZ:Transaccion Concepto="Pago efectivo - 16%" DesCta="IVA acreditable pagado" NumCta="118.01.01" Haber="0.00" Debe="271.72">
          </PLZ:Transaccion>
        <PLZ:Transaccion Concepto="Pago efectivo - cons/2024/01/0037" DesCta="Base Imponible de Impuestos en Base a Flujo de Efectivo" NumCta="899.01.99" Haber="1698.24" Debe="0.00">
          </PLZ:Transaccion>
        <PLZ:Transaccion Concepto="Pago efectivo - cons/2024/01/0037" DesCta="Base Imponible de Impuestos en Base a Flujo de Efectivo" NumCta="899.01.99" Haber="0.00" Debe="1698.24">
          </PLZ:Transaccion>
    </PLZ:Poliza>
    <PLZ:Poliza Fecha="2024-02-24" Concepto="Pago efectivo" NumUnIdenPol="CBMX/2024/02/0159">
        <PLZ:Transaccion Concepto="Pago efectivo - 16%" DesCta="IVA pendiente de pago" NumCta="119.01.01" Haber="135.86" Debe="0.00">
          </PLZ:Transaccion>
        <PLZ:Transaccion Concepto="Pago efectivo - 16%" DesCta="IVA acreditable pagado" NumCta="118.01.01" Haber="0.00" Debe="135.86">
          </PLZ:Transaccion>
        <PLZ:Transaccion Concepto="Pago efectivo - cons/2024/01/0038" DesCta="Base Imponible de Impuestos en Base a Flujo de Efectivo" NumCta="899.01.99" Haber="849.12" Debe="0.00">
          </PLZ:Transaccion>
        <PLZ:Transaccion Concepto="Pago efectivo - cons/2024/01/0038" DesCta="Base Imponible de Impuestos en Base a Flujo de Efectivo" NumCta="899.01.99" Haber="0.00" Debe="849.12">
          </PLZ:Transaccion>
    </PLZ:Poliza>
    <PLZ:Poliza Fecha="2024-02-24" Concepto="Pago efectivo" NumUnIdenPol="CBMX/2024/02/0160">
        <PLZ:Transaccion Concepto="Pago efectivo - 16%" DesCta="IVA pendiente de pago" NumCta="119.01.01" Haber="112.97" Debe="0.00">
          </PLZ:Transaccion>
        <PLZ:Transaccion Concepto="Pago efectivo - 16%" DesCta="IVA acreditable pagado" NumCta="118.01.01" Haber="0.00" Debe="112.97">
          </PLZ:Transaccion>
        <PLZ:Transaccion Concepto="Pago efectivo - cons/2024/01/0039" DesCta="Base Imponible de Impuestos en Base a Flujo de Efectivo" NumCta="899.01.99" Haber="706.04" Debe="0.00">
          </PLZ:Transaccion>
        <PLZ:Transaccion Concepto="Pago efectivo - cons/2024/01/0039" DesCta="Base Imponible de Impuestos en Base a Flujo de Efectivo" NumCta="899.01.99" Haber="0.00" Debe="706.04">
          </PLZ:Transaccion>
    </PLZ:Poliza>
    <PLZ:Poliza Fecha="2024-02-24" Concepto="Banco 5136" NumUnIdenPol="BNK1/2024/00087">
        <PLZ:Transaccion Concepto="Banco 5136 - COMPRA ORDEN DE PAGO SPEI 0240224 =REFERENCIA CTA/CLABE: 4152313922011718, BXI SPEI BCO:012 BENEF:ED CORONA (DATO NO VERIF POR ESTA INST), E CVE RASTREO: 7875APR1202402242873904289 [...]" DesCta="Banorte 5136" NumCta="102.01.07" Haber="20000.00" Debe="0.00">
          </PLZ:Transaccion>
        <PLZ:Transaccion Concepto="Banco 5136 - cons/2023/08/0081" DesCta="Proveedores nacionales" NumCta="201.01.01" Haber="0.00" Debe="11420.84">
          </PLZ:Transaccion>
        <PLZ:Transaccion Concepto="Banco 5136 - cons/2024/01/0053" DesCta="Proveedores nacionales" NumCta="201.01.01" Haber="0.00" Debe="8579.16">
          </PLZ:Transaccion>
    </PLZ:Poliza>
    <PLZ:Poliza Fecha="2024-02-24" Concepto="Pago efectivo" NumUnIdenPol="CBMX/2024/02/0164">
        <PLZ:Transaccion Concepto="Pago efectivo - 16%" DesCta="IVA pendiente de pago" NumCta="119.01.01" Haber="1575.29" Debe="0.00">
          </PLZ:Transaccion>
        <PLZ:Transaccion Concepto="Pago efectivo - 16%" DesCta="IVA acreditable pagado" NumCta="118.01.01" Haber="0.00" Debe="1575.29">
          </PLZ:Transaccion>
        <PLZ:Transaccion Concepto="Pago efectivo - cons/2023/08/0081" DesCta="Base Imponible de Impuestos en Base a Flujo de Efectivo" NumCta="899.01.99" Haber="9845.55" Debe="0.00">
          </PLZ:Transaccion>
        <PLZ:Transaccion Concepto="Pago efectivo - cons/2023/08/0081" DesCta="Base Imponible de Impuestos en Base a Flujo de Efectivo" NumCta="899.01.99" Haber="0.00" Debe="9845.55">
          </PLZ:Transaccion>
    </PLZ:Poliza>
    <PLZ:Poliza Fecha="2024-02-24" Concepto="Pago efectivo" NumUnIdenPol="CBMX/2024/02/0165">
        <PLZ:Transaccion Concepto="Pago efectivo - 16%" DesCta="IVA pendiente de pago" NumCta="119.01.01" Haber="1183.33" Debe="0.00">
          </PLZ:Transaccion>
        <PLZ:Transaccion Concepto="Pago efectivo - 16%" DesCta="IVA acreditable pagado" NumCta="118.01.01" Haber="0.00" Debe="1183.33">
          </PLZ:Transaccion>
        <PLZ:Transaccion Concepto="Pago efectivo - cons/2024/01/0053" DesCta="Base Imponible de Impuestos en Base a Flujo de Efectivo" NumCta="899.01.99" Haber="7395.83" Debe="0.00">
          </PLZ:Transaccion>
        <PLZ:Transaccion Concepto="Pago efectivo - cons/2024/01/0053" DesCta="Base Imponible de Impuestos en Base a Flujo de Efectivo" NumCta="899.01.99" Haber="0.00" Debe="7395.83">
          </PLZ:Transaccion>
    </PLZ:Poliza>
    <PLZ:Poliza Fecha="2024-02-24" Concepto="Banco 5136" NumUnIdenPol="BNK1/2024/00093">
        <PLZ:Transaccion Concepto="Banco 5136 - COMPRA ORDEN DE PAGO SPEI 0240224 =REFERENCIA CTA/CLABE: 4152313922011718, BXI SPEI BCO:012 BENEF:ED CORONA (DATO NO VERIF POR ESTA INST), n CVE RASTREO: 7875APR1202402242874680578 [...]" DesCta="Banorte 5136" NumCta="102.01.07" Haber="7000.00" Debe="0.00">
          </PLZ:Transaccion>
        <PLZ:Transaccion Concepto="Banco 5136 - cons/2024/01/0053" DesCta="Proveedores nacionales" NumCta="201.01.01" Haber="0.00" Debe="1407.73">
          </PLZ:Transaccion>
        <PLZ:Transaccion Concepto="Banco 5136 - cons/2024/01/0054" DesCta="Proveedores nacionales" NumCta="201.01.01" Haber="0.00" Debe="5592.27">
          </PLZ:Transaccion>
    </PLZ:Poliza>
    <PLZ:Poliza Fecha="2024-02-24" Concepto="Pago efectivo" NumUnIdenPol="CBMX/2024/02/0166">
        <PLZ:Transaccion Concepto="Pago efectivo - 16%" DesCta="IVA pendiente de pago" NumCta="119.01.01" Haber="194.17" Debe="0.00">
          </PLZ:Transaccion>
        <PLZ:Transaccion Concepto="Pago efectivo - 16%" DesCta="IVA acreditable pagado" NumCta="118.01.01" Haber="0.00" Debe="194.17">
          </PLZ:Transaccion>
        <PLZ:Transaccion Concepto="Pago efectivo - cons/2024/01/0053" DesCta="Base Imponible de Impuestos en Base a Flujo de Efectivo" NumCta="899.01.99" Haber="1213.56" Debe="0.00">
          </PLZ:Transaccion>
        <PLZ:Transaccion Concepto="Pago efectivo - cons/2024/01/0053" DesCta="Base Imponible de Impuestos en Base a Flujo de Efectivo" NumCta="899.01.99" Haber="0.00" Debe="1213.56">
          </PLZ:Transaccion>
    </PLZ:Poliza>
    <PLZ:Poliza Fecha="2024-02-24" Concepto="Pago efectivo" NumUnIdenPol="CBMX/2024/02/0167">
        <PLZ:Transaccion Concepto="Pago efectivo - 16%" DesCta="IVA pendiente de pago" NumCta="119.01.01" Haber="771.35" Debe="0.00">
          </PLZ:Transaccion>
        <PLZ:Transaccion Concepto="Pago efectivo - 16%" DesCta="IVA acreditable pagado" NumCta="118.01.01" Haber="0.00" Debe="771.35">
          </PLZ:Transaccion>
        <PLZ:Transaccion Concepto="Pago efectivo - cons/2024/01/0054" DesCta="Base Imponible de Impuestos en Base a Flujo de Efectivo" NumCta="899.01.99" Haber="4820.93" Debe="0.00">
          </PLZ:Transaccion>
        <PLZ:Transaccion Concepto="Pago efectivo - cons/2024/01/0054" DesCta="Base Imponible de Impuestos en Base a Flujo de Efectivo" NumCta="899.01.99" Haber="0.00" Debe="4820.93">
          </PLZ:Transaccion>
    </PLZ:Poliza>
    <PLZ:Poliza Fecha="2024-02-26" Concepto="Banco 5136" NumUnIdenPol="BNK1/2024/00098">
        <PLZ:Transaccion Concepto="Banco 5136 - NOVA CASA JIQUILPAN RFC:NCZ 910320TG8" DesCta="Banorte 5136" NumCta="102.01.07" Haber="6451.59" Debe="0.00">
          </PLZ:Transaccion>
        <PLZ:Transaccion Concepto="Banco 5136 - cons/2024/02/0061" DesCta="Proveedores nacionales" NumCta="201.01.01" Haber="0.00" Debe="6451.59">
          </PLZ:Transaccion>
    </PLZ:Poliza>
    <PLZ:Poliza Fecha="2024-02-26" Concepto="Banco 5136" NumUnIdenPol="BNK1/2024/00097">
        <PLZ:Transaccion Concepto="Banco 5136 - INDUST PEGADURO RFC:IPE 910308739" DesCta="Banorte 5136" NumCta="102.01.07" Haber="4390.00" Debe="0.00">
          </PLZ:Transaccion>
        <PLZ:Transaccion Concepto="Banco 5136 - INDUST PEGADURO RFC:IPE 910308739" DesCta="Gastos no deducibles (sin requisitos fiscales)                             " NumCta="601.83.01" Haber="0.00" Debe="0.10">
          </PLZ:Transaccion>
        <PLZ:Transaccion Concepto="Banco 5136 - cons/2024/02/0056" DesCta="Proveedores nacionales" NumCta="201.01.01" Haber="0.00" Debe="4389.90">
          </PLZ:Transaccion>
    </PLZ:Poliza>
    <PLZ:Poliza Fecha="2024-02-26" Concepto="Banco 5136" NumUnIdenPol="BNK1/2024/00099">
        <PLZ:Transaccion Concepto="Banco 5136 - MIREYA MI CASA RFC:MIR 950607337" DesCta="Banorte 5136" NumCta="102.01.07" Haber="1743.83" Debe="0.00">
          </PLZ:Transaccion>
        <PLZ:Transaccion Concepto="Banco 5136 - cons/2024/02/0041" DesCta="Proveedores nacionales" NumCta="201.01.01" Haber="0.00" Debe="1743.83">
          </PLZ:Transaccion>
    </PLZ:Poliza>
    <PLZ:Poliza Fecha="2024-02-26" Concepto="Banco 5136" NumUnIdenPol="BNK1/2024/00096">
        <PLZ:Transaccion Concepto="Banco 5136 - APPLE.COM/BILL MONEDA ORIGEN: 49.00 MXN USD 49.25 TIPO CAMBIO 0.0000" DesCta="Banorte 5136" NumCta="102.01.07" Haber="49.25" Debe="0.00">
          </PLZ:Transaccion>
        <PLZ:Transaccion Concepto="Banco 5136 - cons/2024/02/0017" DesCta="Proveedores nacionales" NumCta="201.01.01" Haber="0.00" Debe="49.25">
          </PLZ:Transaccion>
    </PLZ:Poliza>
    <PLZ:Poliza Fecha="2024-02-26" Concepto="Banco 5136" NumUnIdenPol="BNK1/2024/00100">
        <PLZ:Transaccion Concepto="Banco 5136 - PAYCLIP*ALIM Y BEBIDAS RFC:BLI 120726UF6" DesCta="Banorte 5136" NumCta="102.01.07" Haber="6380.00" Debe="0.00">
          </PLZ:Transaccion>
        <PLZ:Transaccion Concepto="Banco 5136 - PAYCLIP*ALIM Y BEBIDAS RFC:BLI 120726UF6" DesCta="Acreedores diversos a corto plazo nacional                             " NumCta="205.02.01" Haber="0.00" Debe="6380.00">
          </PLZ:Transaccion>
    </PLZ:Poliza>
    <PLZ:Poliza Fecha="2024-02-27" Concepto="Banco 5136" NumUnIdenPol="BNK1/2024/00101">
        <PLZ:Transaccion Concepto="Banco 5136 - CHEQUE CAMARA 0000461 PIFT610711BP4" DesCta="Banorte 5136" NumCta="102.01.07" Haber="3865.00" Debe="0.00">
          </PLZ:Transaccion>
        <PLZ:Transaccion Concepto="Banco 5136 - cons/2024/02/0007" DesCta="Proveedores nacionales" NumCta="201.01.01" Haber="0.00" Debe="3865.00">
          </PLZ:Transaccion>
    </PLZ:Poliza>
    <PLZ:Poliza Fecha="2024-02-27" Concepto="Banco 5136" NumUnIdenPol="BNK1/2024/00103">
        <PLZ:Transaccion Concepto="Banco 5136 - COMISION ORDEN DE PAGO SPEI REFERENCIA: 0270224" DesCta="Banorte 5136" NumCta="102.01.07" Haber="5.00" Debe="0.00">
          </PLZ:Transaccion>
        <PLZ:Transaccion Concepto="Banco 5136 - cons/2024/02/0005" DesCta="Proveedores nacionales" NumCta="201.01.01" Haber="0.00" Debe="5.00">
          </PLZ:Transaccion>
    </PLZ:Poliza>
    <PLZ:Poliza Fecha="2024-02-27" Concepto="Banco 5136" NumUnIdenPol="BNK1/2024/00104">
        <PLZ:Transaccion Concepto="Banco 5136 - I.V.A. ORDEN DE PAGO SPEI REFERENCIA: 0270224" DesCta="Banorte 5136" NumCta="102.01.07" Haber="0.80" Debe="0.00">
          </PLZ:Transaccion>
        <PLZ:Transaccion Concepto="Banco 5136 - cons/2024/02/0005" DesCta="Proveedores nacionales" NumCta="201.01.01" Haber="0.00" Debe="0.80">
          </PLZ:Transaccion>
    </PLZ:Poliza>
    <PLZ:Poliza Fecha="2024-02-27" Concepto="Banco 5136" NumUnIdenPol="BNK1/2024/00102">
        <PLZ:Transaccion Concepto="Banco 5136 - COMPRA ORDEN DE PAGO SPEI 0270224 =REFERENCIA CTA/CLABE: 4152313922011718, BXI SPEI BCO:012 BENEF:ED CORONA (DATO NO VERIF POR ESTA INST), Ed CVE RASTREO: 7875APR2202402272879254508 [...]" DesCta="Banorte 5136" NumCta="102.01.07" Haber="10000.00" Debe="0.00">
          </PLZ:Transaccion>
        <PLZ:Transaccion Concepto="Banco 5136 - cons/2024/01/0027" DesCta="Proveedores nacionales" NumCta="201.01.01" Haber="0.00" Debe="1829.08">
          </PLZ:Transaccion>
        <PLZ:Transaccion Concepto="Banco 5136 - cons/2024/01/0028" DesCta="Proveedores nacionales" NumCta="201.01.01" Haber="0.00" Debe="1969.96">
          </PLZ:Transaccion>
        <PLZ:Transaccion Concepto="Banco 5136 - cons/2024/01/0029" DesCta="Proveedores nacionales" NumCta="201.01.01" Haber="0.00" Debe="1065.61">
          </PLZ:Transaccion>
        <PLZ:Transaccion Concepto="Banco 5136 - cons/2024/01/0030" DesCta="Proveedores nacionales" NumCta="201.01.01" Haber="0.00" Debe="1839.99">
          </PLZ:Transaccion>
        <PLZ:Transaccion Concepto="Banco 5136 - cons/2024/01/0031" DesCta="Proveedores nacionales" NumCta="201.01.01" Haber="0.00" Debe="1957.36">
          </PLZ:Transaccion>
        <PLZ:Transaccion Concepto="Banco 5136 - cons/2024/01/0032" DesCta="Proveedores nacionales" NumCta="201.01.01" Haber="0.00" Debe="1338.00">
          </PLZ:Transaccion>
    </PLZ:Poliza>
    <PLZ:Poliza Fecha="2024-02-27" Concepto="Pago efectivo" NumUnIdenPol="CBMX/2024/02/0146">
        <PLZ:Transaccion Concepto="Pago efectivo - 16%" DesCta="IVA pendiente de pago" NumCta="119.01.01" Haber="252.29" Debe="0.00">
          </PLZ:Transaccion>
        <PLZ:Transaccion Concepto="Pago efectivo - 16%" DesCta="IVA acreditable pagado" NumCta="118.01.01" Haber="0.00" Debe="252.29">
          </PLZ:Transaccion>
        <PLZ:Transaccion Concepto="Pago efectivo - cons/2024/01/0027" DesCta="Base Imponible de Impuestos en Base a Flujo de Efectivo" NumCta="899.01.99" Haber="1576.79" Debe="0.00">
          </PLZ:Transaccion>
        <PLZ:Transaccion Concepto="Pago efectivo - cons/2024/01/0027" DesCta="Base Imponible de Impuestos en Base a Flujo de Efectivo" NumCta="899.01.99" Haber="0.00" Debe="1576.79">
          </PLZ:Transaccion>
    </PLZ:Poliza>
    <PLZ:Poliza Fecha="2024-02-27" Concepto="Pago efectivo" NumUnIdenPol="CBMX/2024/02/0147">
        <PLZ:Transaccion Concepto="Pago efectivo - 16%" DesCta="IVA pendiente de pago" NumCta="119.01.01" Haber="271.72" Debe="0.00">
          </PLZ:Transaccion>
        <PLZ:Transaccion Concepto="Pago efectivo - 16%" DesCta="IVA acreditable pagado" NumCta="118.01.01" Haber="0.00" Debe="271.72">
          </PLZ:Transaccion>
        <PLZ:Transaccion Concepto="Pago efectivo - cons/2024/01/0028" DesCta="Base Imponible de Impuestos en Base a Flujo de Efectivo" NumCta="899.01.99" Haber="1698.24" Debe="0.00">
          </PLZ:Transaccion>
        <PLZ:Transaccion Concepto="Pago efectivo - cons/2024/01/0028" DesCta="Base Imponible de Impuestos en Base a Flujo de Efectivo" NumCta="899.01.99" Haber="0.00" Debe="1698.24">
          </PLZ:Transaccion>
    </PLZ:Poliza>
    <PLZ:Poliza Fecha="2024-02-27" Concepto="Pago efectivo" NumUnIdenPol="CBMX/2024/02/0148">
        <PLZ:Transaccion Concepto="Pago efectivo - 16%" DesCta="IVA pendiente de pago" NumCta="119.01.01" Haber="146.98" Debe="0.00">
          </PLZ:Transaccion>
        <PLZ:Transaccion Concepto="Pago efectivo - 16%" DesCta="IVA acreditable pagado" NumCta="118.01.01" Haber="0.00" Debe="146.98">
          </PLZ:Transaccion>
        <PLZ:Transaccion Concepto="Pago efectivo - cons/2024/01/0029" DesCta="Base Imponible de Impuestos en Base a Flujo de Efectivo" NumCta="899.01.99" Haber="918.63" Debe="0.00">
          </PLZ:Transaccion>
        <PLZ:Transaccion Concepto="Pago efectivo - cons/2024/01/0029" DesCta="Base Imponible de Impuestos en Base a Flujo de Efectivo" NumCta="899.01.99" Haber="0.00" Debe="918.63">
          </PLZ:Transaccion>
    </PLZ:Poliza>
    <PLZ:Poliza Fecha="2024-02-27" Concepto="Pago efectivo" NumUnIdenPol="CBMX/2024/02/0149">
        <PLZ:Transaccion Concepto="Pago efectivo - 16%" DesCta="IVA pendiente de pago" NumCta="119.01.01" Haber="253.79" Debe="0.00">
          </PLZ:Transaccion>
        <PLZ:Transaccion Concepto="Pago efectivo - 16%" DesCta="IVA acreditable pagado" NumCta="118.01.01" Haber="0.00" Debe="253.79">
          </PLZ:Transaccion>
        <PLZ:Transaccion Concepto="Pago efectivo - cons/2024/01/0030" DesCta="Base Imponible de Impuestos en Base a Flujo de Efectivo" NumCta="899.01.99" Haber="1586.20" Debe="0.00">
          </PLZ:Transaccion>
        <PLZ:Transaccion Concepto="Pago efectivo - cons/2024/01/0030" DesCta="Base Imponible de Impuestos en Base a Flujo de Efectivo" NumCta="899.01.99" Haber="0.00" Debe="1586.20">
          </PLZ:Transaccion>
    </PLZ:Poliza>
    <PLZ:Poliza Fecha="2024-02-27" Concepto="Pago efectivo" NumUnIdenPol="CBMX/2024/02/0150">
        <PLZ:Transaccion Concepto="Pago efectivo - 16%" DesCta="IVA pendiente de pago" NumCta="119.01.01" Haber="269.98" Debe="0.00">
          </PLZ:Transaccion>
        <PLZ:Transaccion Concepto="Pago efectivo - 16%" DesCta="IVA acreditable pagado" NumCta="118.01.01" Haber="0.00" Debe="269.98">
          </PLZ:Transaccion>
        <PLZ:Transaccion Concepto="Pago efectivo - cons/2024/01/0031" DesCta="Base Imponible de Impuestos en Base a Flujo de Efectivo" NumCta="899.01.99" Haber="1687.38" Debe="0.00">
          </PLZ:Transaccion>
        <PLZ:Transaccion Concepto="Pago efectivo - cons/2024/01/0031" DesCta="Base Imponible de Impuestos en Base a Flujo de Efectivo" NumCta="899.01.99" Haber="0.00" Debe="1687.38">
          </PLZ:Transaccion>
    </PLZ:Poliza>
    <PLZ:Poliza Fecha="2024-02-27" Concepto="Pago efectivo" NumUnIdenPol="CBMX/2024/02/0151">
        <PLZ:Transaccion Concepto="Pago efectivo - 16%" DesCta="IVA pendiente de pago" NumCta="119.01.01" Haber="184.55" Debe="0.00">
          </PLZ:Transaccion>
        <PLZ:Transaccion Concepto="Pago efectivo - 16%" DesCta="IVA acreditable pagado" NumCta="118.01.01" Haber="0.00" Debe="184.55">
          </PLZ:Transaccion>
        <PLZ:Transaccion Concepto="Pago efectivo - cons/2024/01/0032" DesCta="Base Imponible de Impuestos en Base a Flujo de Efectivo" NumCta="899.01.99" Haber="1153.45" Debe="0.00">
          </PLZ:Transaccion>
        <PLZ:Transaccion Concepto="Pago efectivo - cons/2024/01/0032" DesCta="Base Imponible de Impuestos en Base a Flujo de Efectivo" NumCta="899.01.99" Haber="0.00" Debe="1153.45">
          </PLZ:Transaccion>
    </PLZ:Poliza>
    <PLZ:Poliza Fecha="2024-02-28" Concepto="Facturas de cliente" NumUnIdenPol="MUNICIPIO DE JIQUILPAN MICHOACAN109">
        <PLZ:Transaccion Concepto="Facturas de cliente - 16%" DesCta="IVA trasladado no cobrado" NumCta="209.01.01" Haber="94464.00" Debe="0.00">
            <PLZ:CompNal UUID_CFDI="87D3AEAF-C977-40BB-AB22-A504B4981F5B" RFC="FIN1308012AA" MontoTotal="-94464.00"></PLZ:CompNal>
          </PLZ:Transaccion>
        <PLZ:Transaccion Concepto="Facturas de cliente - MUNICIPIO DE JIQUILPAN MICHOACAN109" DesCta="Clientes nacionales" NumCta="105.01.01" Haber="0.00" Debe="684864.00">
            <PLZ:CompNal UUID_CFDI="87D3AEAF-C977-40BB-AB22-A504B4981F5B" RFC="FIN1308012AA" MontoTotal="684864.00"></PLZ:CompNal>
          </PLZ:Transaccion>
        <PLZ:Transaccion Concepto="Facturas de cliente - Tonelada de cemento magno" DesCta="Ventas y/o servicios gravados a la tasa general" NumCta="401.01.01" Haber="590400.00" Debe="0.00">
            <PLZ:CompNal UUID_CFDI="87D3AEAF-C977-40BB-AB22-A504B4981F5B" RFC="FIN1308012AA" MontoTotal="-590400.00"></PLZ:CompNal>
          </PLZ:Transaccion>
    </PLZ:Poliza>
    <PLZ:Poliza Fecha="2024-02-28" Concepto="Facturas de cliente" NumUnIdenPol="MUNICIPIO DE JIQUILPAN MICHOACAN110">
        <PLZ:Transaccion Concepto="Facturas de cliente - 16%" DesCta="IVA trasladado no cobrado" NumCta="209.01.01" Haber="9184.00" Debe="0.00">
            <PLZ:CompNal UUID_CFDI="D2DF6F58-6A63-4838-98DC-8A81D8C08ABE" RFC="FIN1308012AA" MontoTotal="-9184.00"></PLZ:CompNal>
          </PLZ:Transaccion>
        <PLZ:Transaccion Concepto="Facturas de cliente - MUNICIPIO DE JIQUILPAN MICHOACAN110" DesCta="Clientes nacionales" NumCta="105.01.01" Haber="0.00" Debe="66584.00">
            <PLZ:CompNal UUID_CFDI="D2DF6F58-6A63-4838-98DC-8A81D8C08ABE" RFC="FIN1308012AA" MontoTotal="66584.00"></PLZ:CompNal>
          </PLZ:Transaccion>
        <PLZ:Transaccion Concepto="Facturas de cliente - Tonelada de cemento magno" DesCta="Ventas y/o servicios gravados a la tasa general" NumCta="401.01.01" Haber="57400.00" Debe="0.00">
            <PLZ:CompNal UUID_CFDI="D2DF6F58-6A63-4838-98DC-8A81D8C08ABE" RFC="FIN1308012AA" MontoTotal="-57400.00"></PLZ:CompNal>
          </PLZ:Transaccion>
    </PLZ:Poliza>
    <PLZ:Poliza Fecha="2024-02-28" Concepto="Banco 5136" NumUnIdenPol="BNK1/2024/00105">
        <PLZ:Transaccion Concepto="Banco 5136 - TRASPASO A CUENTA DE TERCEROS 0028022024 IVA:00000000.00 A LA CUENTA: 0616629178 Vigas LT AL R.F.C. GUAA701231KI3" DesCta="Banorte 5136" NumCta="102.01.07" Haber="8188.00" Debe="0.00">
          </PLZ:Transaccion>
        <PLZ:Transaccion Concepto="Banco 5136 - cons/2024/02/0013" DesCta="Proveedores nacionales" NumCta="201.01.01" Haber="0.00" Debe="8188.00">
          </PLZ:Transaccion>
    </PLZ:Poliza>
    <PLZ:Poliza Fecha="2024-02-28" Concepto="Banco 5136" NumUnIdenPol="BNK1/2024/00117">
        <PLZ:Transaccion Concepto="Banco 5136 - TRASPASO A CUENTA DE TERCEROS 0028022024 IVA:00000000.00, A LA CUENTA: 0616629178 Vigas MY AL R.F.C. GUAA701231KI3" DesCta="Banorte 5136" NumCta="102.01.07" Haber="5120.00" Debe="0.00">
          </PLZ:Transaccion>
        <PLZ:Transaccion Concepto="Banco 5136 - cons/2024/02/0014" DesCta="Proveedores nacionales" NumCta="201.01.01" Haber="0.00" Debe="5120.00">
          </PLZ:Transaccion>
    </PLZ:Poliza>
    <PLZ:Poliza Fecha="2024-02-28" Concepto="Banco 5136" NumUnIdenPol="BNK1/2024/00111">
        <PLZ:Transaccion Concepto="Banco 5136 - COMPRA ORDEN DE PAGO SPEI 0280224 =REFERENCIA CTA/CLABE: 002494700074328347, BXI SPEI BCO:002 BENEF:Francisco Javier Corona Rua (DATO NO VERIF POR ESTA INST), mat CVE [...]" DesCta="Banorte 5136" NumCta="102.01.07" Haber="15000.00" Debe="0.00">
          </PLZ:Transaccion>
        <PLZ:Transaccion Concepto="Banco 5136 - cons/2024/02/0009" DesCta="Proveedores nacionales" NumCta="201.01.01" Haber="0.00" Debe="15000.00">
          </PLZ:Transaccion>
    </PLZ:Poliza>
    <PLZ:Poliza Fecha="2024-02-28" Concepto="Banco 5136" NumUnIdenPol="BNK1/2024/00107">
        <PLZ:Transaccion Concepto="Banco 5136 - FERR ACEROS LOPEZ RFC:GALJ900105KG9" DesCta="Banorte 5136" NumCta="102.01.07" Haber="3284.00" Debe="0.00">
          </PLZ:Transaccion>
        <PLZ:Transaccion Concepto="Banco 5136 - cons/2024/04/0049" DesCta="Proveedores nacionales" NumCta="201.01.01" Haber="0.00" Debe="3284.00">
          </PLZ:Transaccion>
    </PLZ:Poliza>
    <PLZ:Poliza Fecha="2024-02-28" Concepto="Banco 5136" NumUnIdenPol="BNK1/2024/00109">
        <PLZ:Transaccion Concepto="Banco 5136 - COMISION ORDEN DE PAGO SPEI REFERENCIA: 0280224" DesCta="Banorte 5136" NumCta="102.01.07" Haber="5.00" Debe="0.00">
          </PLZ:Transaccion>
        <PLZ:Transaccion Concepto="Banco 5136 - cons/2024/02/0005" DesCta="Proveedores nacionales" NumCta="201.01.01" Haber="0.00" Debe="5.00">
          </PLZ:Transaccion>
    </PLZ:Poliza>
    <PLZ:Poliza Fecha="2024-02-28" Concepto="Banco 5136" NumUnIdenPol="BNK1/2024/00115">
        <PLZ:Transaccion Concepto="Banco 5136 - COMISION ORDEN DE PAGO SPEI REFERENCIA: 0280224" DesCta="Banorte 5136" NumCta="102.01.07" Haber="5.00" Debe="0.00">
          </PLZ:Transaccion>
        <PLZ:Transaccion Concepto="Banco 5136 - cons/2024/02/0005" DesCta="Proveedores nacionales" NumCta="201.01.01" Haber="0.00" Debe="5.00">
          </PLZ:Transaccion>
    </PLZ:Poliza>
    <PLZ:Poliza Fecha="2024-02-28" Concepto="Banco 5136" NumUnIdenPol="BNK1/2024/00112">
        <PLZ:Transaccion Concepto="Banco 5136 - COMISION ORDEN DE PAGO SPEI REFERENCIA: 0280224" DesCta="Banorte 5136" NumCta="102.01.07" Haber="5.00" Debe="0.00">
          </PLZ:Transaccion>
        <PLZ:Transaccion Concepto="Banco 5136 - cons/2024/02/0005" DesCta="Proveedores nacionales" NumCta="201.01.01" Haber="0.00" Debe="5.00">
          </PLZ:Transaccion>
    </PLZ:Poliza>
    <PLZ:Poliza Fecha="2024-02-28" Concepto="Banco 5136" NumUnIdenPol="BNK1/2024/00110">
        <PLZ:Transaccion Concepto="Banco 5136 - I.V.A. ORDEN DE PAGO SPEI REFERENCIA: 0280224" DesCta="Banorte 5136" NumCta="102.01.07" Haber="0.80" Debe="0.00">
          </PLZ:Transaccion>
        <PLZ:Transaccion Concepto="Banco 5136 - cons/2024/02/0005" DesCta="Proveedores nacionales" NumCta="201.01.01" Haber="0.00" Debe="0.80">
          </PLZ:Transaccion>
    </PLZ:Poliza>
    <PLZ:Poliza Fecha="2024-02-28" Concepto="Banco 5136" NumUnIdenPol="BNK1/2024/00113">
        <PLZ:Transaccion Concepto="Banco 5136 - I.V.A. ORDEN DE PAGO SPEI REFERENCIA: 0280224" DesCta="Banorte 5136" NumCta="102.01.07" Haber="0.80" Debe="0.00">
          </PLZ:Transaccion>
        <PLZ:Transaccion Concepto="Banco 5136 - cons/2024/02/0005" DesCta="Proveedores nacionales" NumCta="201.01.01" Haber="0.00" Debe="0.80">
          </PLZ:Transaccion>
    </PLZ:Poliza>
    <PLZ:Poliza Fecha="2024-02-28" Concepto="Banco 5136" NumUnIdenPol="BNK1/2024/00116">
        <PLZ:Transaccion Concepto="Banco 5136 - I.V.A. ORDEN DE PAGO SPEI REFERENCIA: 0280224" DesCta="Banorte 5136" NumCta="102.01.07" Haber="0.80" Debe="0.00">
          </PLZ:Transaccion>
        <PLZ:Transaccion Concepto="Banco 5136 - cons/2024/02/0005" DesCta="Proveedores nacionales" NumCta="201.01.01" Haber="0.00" Debe="0.80">
          </PLZ:Transaccion>
    </PLZ:Poliza>
    <PLZ:Poliza Fecha="2024-02-28" Concepto="Banco 5136" NumUnIdenPol="BNK1/2024/00106">
        <PLZ:Transaccion Concepto="Banco 5136 - APPLE.COM/BILL MONEDA ORIGEN: 129.00 MXN USD 129.65 TIPO CAMBIO : 0.0000" DesCta="Banorte 5136" NumCta="102.01.07" Haber="129.65" Debe="0.00">
          </PLZ:Transaccion>
        <PLZ:Transaccion Concepto="Banco 5136 - cons/2024/02/0017" DesCta="Proveedores nacionales" NumCta="201.01.01" Haber="0.00" Debe="129.65">
          </PLZ:Transaccion>
    </PLZ:Poliza>
    <PLZ:Poliza Fecha="2024-02-28" Concepto="Banco 5136" NumUnIdenPol="BNK1/2024/00108">
        <PLZ:Transaccion Concepto="Banco 5136 - COMPRA ORDEN DE PAGO SPEI 10280224 REFERENCIA CTA/CLABE: 4152313922011718, BXI SPEI BCO:012 BENEF:ED CORONA (DATO NO VERIF POR ESTA INST), E CVE RASTREO: 7875APR1202402282881614150 [...]" DesCta="Banorte 5136" NumCta="102.01.07" Haber="10000.00" Debe="0.00">
          </PLZ:Transaccion>
        <PLZ:Transaccion Concepto="Banco 5136 - cons/2024/01/0007" DesCta="Proveedores nacionales" NumCta="201.01.01" Haber="0.00" Debe="3049.30">
          </PLZ:Transaccion>
        <PLZ:Transaccion Concepto="Banco 5136 - cons/2024/01/0008" DesCta="Proveedores nacionales" NumCta="201.01.01" Haber="0.00" Debe="1557.37">
          </PLZ:Transaccion>
        <PLZ:Transaccion Concepto="Banco 5136 - cons/2024/01/0009" DesCta="Proveedores nacionales" NumCta="201.01.01" Haber="0.00" Debe="1557.37">
          </PLZ:Transaccion>
        <PLZ:Transaccion Concepto="Banco 5136 - cons/2024/01/0010" DesCta="Proveedores nacionales" NumCta="201.01.01" Haber="0.00" Debe="1557.37">
          </PLZ:Transaccion>
        <PLZ:Transaccion Concepto="Banco 5136 - cons/2024/01/0015" DesCta="Proveedores nacionales" NumCta="201.01.01" Haber="0.00" Debe="1822.93">
          </PLZ:Transaccion>
        <PLZ:Transaccion Concepto="Banco 5136 - cons/2024/01/0022" DesCta="Proveedores nacionales" NumCta="201.01.01" Haber="0.00" Debe="455.66">
          </PLZ:Transaccion>
    </PLZ:Poliza>
    <PLZ:Poliza Fecha="2024-02-28" Concepto="Pago efectivo" NumUnIdenPol="CBMX/2024/02/0187">
        <PLZ:Transaccion Concepto="Pago efectivo - 16%" DesCta="IVA pendiente de pago" NumCta="119.01.01" Haber="62.85" Debe="0.00">
          </PLZ:Transaccion>
        <PLZ:Transaccion Concepto="Pago efectivo - 16%" DesCta="IVA acreditable pagado" NumCta="118.01.01" Haber="0.00" Debe="62.85">
          </PLZ:Transaccion>
        <PLZ:Transaccion Concepto="Pago efectivo - cons/2024/01/0022" DesCta="Base Imponible de Impuestos en Base a Flujo de Efectivo" NumCta="899.01.99" Haber="392.81" Debe="0.00">
          </PLZ:Transaccion>
        <PLZ:Transaccion Concepto="Pago efectivo - cons/2024/01/0022" DesCta="Base Imponible de Impuestos en Base a Flujo de Efectivo" NumCta="899.01.99" Haber="0.00" Debe="392.81">
          </PLZ:Transaccion>
    </PLZ:Poliza>
    <PLZ:Poliza Fecha="2024-02-28" Concepto="Pago efectivo" NumUnIdenPol="CBMX/2024/02/0188">
        <PLZ:Transaccion Concepto="Pago efectivo - 16%" DesCta="IVA pendiente de pago" NumCta="119.01.01" Haber="409.99" Debe="0.00">
          </PLZ:Transaccion>
        <PLZ:Transaccion Concepto="Pago efectivo - 16%" DesCta="IVA acreditable pagado" NumCta="118.01.01" Haber="0.00" Debe="409.99">
          </PLZ:Transaccion>
        <PLZ:Transaccion Concepto="Pago efectivo - cons/2024/01/0007" DesCta="Base Imponible de Impuestos en Base a Flujo de Efectivo" NumCta="899.01.99" Haber="2562.44" Debe="0.00">
          </PLZ:Transaccion>
        <PLZ:Transaccion Concepto="Pago efectivo - cons/2024/01/0007" DesCta="Base Imponible de Impuestos en Base a Flujo de Efectivo" NumCta="899.01.99" Haber="0.00" Debe="2562.44">
          </PLZ:Transaccion>
    </PLZ:Poliza>
    <PLZ:Poliza Fecha="2024-02-28" Concepto="Pago efectivo" NumUnIdenPol="CBMX/2024/02/0189">
        <PLZ:Transaccion Concepto="Pago efectivo - 16%" DesCta="IVA pendiente de pago" NumCta="119.01.01" Haber="214.81" Debe="0.00">
          </PLZ:Transaccion>
        <PLZ:Transaccion Concepto="Pago efectivo - 16%" DesCta="IVA acreditable pagado" NumCta="118.01.01" Haber="0.00" Debe="214.81">
          </PLZ:Transaccion>
        <PLZ:Transaccion Concepto="Pago efectivo - cons/2024/01/0008" DesCta="Base Imponible de Impuestos en Base a Flujo de Efectivo" NumCta="899.01.99" Haber="1342.56" Debe="0.00">
          </PLZ:Transaccion>
        <PLZ:Transaccion Concepto="Pago efectivo - cons/2024/01/0008" DesCta="Base Imponible de Impuestos en Base a Flujo de Efectivo" NumCta="899.01.99" Haber="0.00" Debe="1342.56">
          </PLZ:Transaccion>
    </PLZ:Poliza>
    <PLZ:Poliza Fecha="2024-02-28" Concepto="Pago efectivo" NumUnIdenPol="CBMX/2024/02/0190">
        <PLZ:Transaccion Concepto="Pago efectivo - 16%" DesCta="IVA pendiente de pago" NumCta="119.01.01" Haber="214.81" Debe="0.00">
          </PLZ:Transaccion>
        <PLZ:Transaccion Concepto="Pago efectivo - 16%" DesCta="IVA acreditable pagado" NumCta="118.01.01" Haber="0.00" Debe="214.81">
          </PLZ:Transaccion>
        <PLZ:Transaccion Concepto="Pago efectivo - cons/2024/01/0009" DesCta="Base Imponible de Impuestos en Base a Flujo de Efectivo" NumCta="899.01.99" Haber="1342.56" Debe="0.00">
          </PLZ:Transaccion>
        <PLZ:Transaccion Concepto="Pago efectivo - cons/2024/01/0009" DesCta="Base Imponible de Impuestos en Base a Flujo de Efectivo" NumCta="899.01.99" Haber="0.00" Debe="1342.56">
          </PLZ:Transaccion>
    </PLZ:Poliza>
    <PLZ:Poliza Fecha="2024-02-28" Concepto="Pago efectivo" NumUnIdenPol="CBMX/2024/02/0191">
        <PLZ:Transaccion Concepto="Pago efectivo - 16%" DesCta="IVA pendiente de pago" NumCta="119.01.01" Haber="214.81" Debe="0.00">
          </PLZ:Transaccion>
        <PLZ:Transaccion Concepto="Pago efectivo - 16%" DesCta="IVA acreditable pagado" NumCta="118.01.01" Haber="0.00" Debe="214.81">
          </PLZ:Transaccion>
        <PLZ:Transaccion Concepto="Pago efectivo - cons/2024/01/0010" DesCta="Base Imponible de Impuestos en Base a Flujo de Efectivo" NumCta="899.01.99" Haber="1342.56" Debe="0.00">
          </PLZ:Transaccion>
        <PLZ:Transaccion Concepto="Pago efectivo - cons/2024/01/0010" DesCta="Base Imponible de Impuestos en Base a Flujo de Efectivo" NumCta="899.01.99" Haber="0.00" Debe="1342.56">
          </PLZ:Transaccion>
    </PLZ:Poliza>
    <PLZ:Poliza Fecha="2024-02-28" Concepto="Pago efectivo" NumUnIdenPol="CBMX/2024/02/0192">
        <PLZ:Transaccion Concepto="Pago efectivo - 16%" DesCta="IVA pendiente de pago" NumCta="119.01.01" Haber="251.44" Debe="0.00">
          </PLZ:Transaccion>
        <PLZ:Transaccion Concepto="Pago efectivo - 16%" DesCta="IVA acreditable pagado" NumCta="118.01.01" Haber="0.00" Debe="251.44">
          </PLZ:Transaccion>
        <PLZ:Transaccion Concepto="Pago efectivo - cons/2024/01/0015" DesCta="Base Imponible de Impuestos en Base a Flujo de Efectivo" NumCta="899.01.99" Haber="1571.49" Debe="0.00">
          </PLZ:Transaccion>
        <PLZ:Transaccion Concepto="Pago efectivo - cons/2024/01/0015" DesCta="Base Imponible de Impuestos en Base a Flujo de Efectivo" NumCta="899.01.99" Haber="0.00" Debe="1571.49">
          </PLZ:Transaccion>
    </PLZ:Poliza>
    <PLZ:Poliza Fecha="2024-02-28" Concepto="Banco 5136" NumUnIdenPol="BNK1/2024/00114">
        <PLZ:Transaccion Concepto="Banco 5136 - COMPRA ORDEN DE PAGO SPEI 0280224 =REFERENCIA CTA/CLABE: 012535001968661153, BXI SPEI BCO:012 BENEF:Ferreteria Panal S DE R (DATO NO VERIF POR ESTA INST), MAT CVE RASTREO: [...]" DesCta="Banorte 5136" NumCta="102.01.07" Haber="3248.70" Debe="0.00">
          </PLZ:Transaccion>
        <PLZ:Transaccion Concepto="Banco 5136 - cons/2024/01/0015" DesCta="Proveedores nacionales" NumCta="201.01.01" Haber="0.00" Debe="77.03">
          </PLZ:Transaccion>
        <PLZ:Transaccion Concepto="Banco 5136 - cons/2024/01/0016" DesCta="Proveedores nacionales" NumCta="201.01.01" Haber="0.00" Debe="1949.96">
          </PLZ:Transaccion>
        <PLZ:Transaccion Concepto="Banco 5136 - cons/2024/01/0017" DesCta="Proveedores nacionales" NumCta="201.01.01" Haber="0.00" Debe="1221.71">
          </PLZ:Transaccion>
    </PLZ:Poliza>
    <PLZ:Poliza Fecha="2024-02-28" Concepto="Pago efectivo" NumUnIdenPol="CBMX/2024/02/0193">
        <PLZ:Transaccion Concepto="Pago efectivo - 16%" DesCta="IVA pendiente de pago" NumCta="119.01.01" Haber="10.62" Debe="0.00">
          </PLZ:Transaccion>
        <PLZ:Transaccion Concepto="Pago efectivo - 16%" DesCta="IVA acreditable pagado" NumCta="118.01.01" Haber="0.00" Debe="10.62">
          </PLZ:Transaccion>
        <PLZ:Transaccion Concepto="Pago efectivo - cons/2024/01/0015" DesCta="Base Imponible de Impuestos en Base a Flujo de Efectivo" NumCta="899.01.99" Haber="66.41" Debe="0.00">
          </PLZ:Transaccion>
        <PLZ:Transaccion Concepto="Pago efectivo - cons/2024/01/0015" DesCta="Base Imponible de Impuestos en Base a Flujo de Efectivo" NumCta="899.01.99" Haber="0.00" Debe="66.41">
          </PLZ:Transaccion>
    </PLZ:Poliza>
    <PLZ:Poliza Fecha="2024-02-28" Concepto="Pago efectivo" NumUnIdenPol="CBMX/2024/02/0194">
        <PLZ:Transaccion Concepto="Pago efectivo - 16%" DesCta="IVA pendiente de pago" NumCta="119.01.01" Haber="268.96" Debe="0.00">
          </PLZ:Transaccion>
        <PLZ:Transaccion Concepto="Pago efectivo - 16%" DesCta="IVA acreditable pagado" NumCta="118.01.01" Haber="0.00" Debe="268.96">
          </PLZ:Transaccion>
        <PLZ:Transaccion Concepto="Pago efectivo - cons/2024/01/0016" DesCta="Base Imponible de Impuestos en Base a Flujo de Efectivo" NumCta="899.01.99" Haber="1681.00" Debe="0.00">
          </PLZ:Transaccion>
        <PLZ:Transaccion Concepto="Pago efectivo - cons/2024/01/0016" DesCta="Base Imponible de Impuestos en Base a Flujo de Efectivo" NumCta="899.01.99" Haber="0.00" Debe="1681.00">
          </PLZ:Transaccion>
    </PLZ:Poliza>
    <PLZ:Poliza Fecha="2024-02-28" Concepto="Pago efectivo" NumUnIdenPol="CBMX/2024/02/0195">
        <PLZ:Transaccion Concepto="Pago efectivo - 16%" DesCta="IVA pendiente de pago" NumCta="119.01.01" Haber="168.52" Debe="0.00">
          </PLZ:Transaccion>
        <PLZ:Transaccion Concepto="Pago efectivo - 16%" DesCta="IVA acreditable pagado" NumCta="118.01.01" Haber="0.00" Debe="168.52">
          </PLZ:Transaccion>
        <PLZ:Transaccion Concepto="Pago efectivo - cons/2024/01/0017" DesCta="Base Imponible de Impuestos en Base a Flujo de Efectivo" NumCta="899.01.99" Haber="1053.19" Debe="0.00">
          </PLZ:Transaccion>
        <PLZ:Transaccion Concepto="Pago efectivo - cons/2024/01/0017" DesCta="Base Imponible de Impuestos en Base a Flujo de Efectivo" NumCta="899.01.99" Haber="0.00" Debe="1053.19">
          </PLZ:Transaccion>
    </PLZ:Poliza>
    <PLZ:Poliza Fecha="2024-02-29" Concepto="Gastos de construcción" NumUnIdenPol="cons/2024/02/0061">
        <PLZ:Transaccion Concepto="Gastos de construcción" DesCta="Proveedores nacionales" NumCta="201.01.01" Haber="6451.60" Debe="0.00">
            <PLZ:CompNal UUID_CFDI="65f3e330-841d-45dc-9352-d6424947a52f" RFC="NCZ910320TG8" MontoTotal="-6451.60"></PLZ:CompNal>
          </PLZ:Transaccion>
        <PLZ:Transaccion Concepto="Gastos de construcción - 16%" DesCta="IVA pendiente de pago" NumCta="119.01.01" Haber="0.00" Debe="889.88">
            <PLZ:CompNal UUID_CFDI="65f3e330-841d-45dc-9352-d6424947a52f" RFC="NCZ910320TG8" MontoTotal="889.88"></PLZ:CompNal>
          </PLZ:Transaccion>
        <PLZ:Transaccion Concepto="Gastos de construcción - ADHESIVO GRIS (20 KG)" DesCta="Gastos generales de construcción                               " NumCta="601.80.01" Haber="0.00" Debe="1559.10">
            <PLZ:CompNal UUID_CFDI="65f3e330-841d-45dc-9352-d6424947a52f" RFC="NCZ910320TG8" MontoTotal="1559.10"></PLZ:CompNal>
          </PLZ:Transaccion>
        <PLZ:Transaccion Concepto="Gastos de construcción - CHAPALA MIEL 18X60.6 PRIMERA CJA 1.64" DesCta="Gastos generales de construcción                               " NumCta="601.80.01" Haber="0.00" Debe="4002.62">
            <PLZ:CompNal UUID_CFDI="65f3e330-841d-45dc-9352-d6424947a52f" RFC="NCZ910320TG8" MontoTotal="4002.62"></PLZ:CompNal>
          </PLZ:Transaccion>
    </PLZ:Poliza>
    <PLZ:Poliza Fecha="2024-02-29" Concepto="Gastos de construcción" NumUnIdenPol="cons/2024/02/0047">
        <PLZ:Transaccion Concepto="Gastos de construcción" DesCta="Proveedores nacionales" NumCta="201.01.01" Haber="6761.64" Debe="0.00">
            <PLZ:CompNal UUID_CFDI="44c3266d-9f6e-48bb-87f1-4393af48d628" RFC="IPE910308739" MontoTotal="-6761.64"></PLZ:CompNal>
          </PLZ:Transaccion>
        <PLZ:Transaccion Concepto="Gastos de construcción - 16%" DesCta="IVA pendiente de pago" NumCta="119.01.01" Haber="0.00" Debe="932.64">
            <PLZ:CompNal UUID_CFDI="44c3266d-9f6e-48bb-87f1-4393af48d628" RFC="IPE910308739" MontoTotal="932.64"></PLZ:CompNal>
          </PLZ:Transaccion>
        <PLZ:Transaccion Concepto="Gastos de construcción - Cal de Construcción" DesCta="Gastos generales de construcción                               " NumCta="601.80.01" Haber="0.00" Debe="779.30">
            <PLZ:CompNal UUID_CFDI="44c3266d-9f6e-48bb-87f1-4393af48d628" RFC="IPE910308739" MontoTotal="779.30"></PLZ:CompNal>
          </PLZ:Transaccion>
        <PLZ:Transaccion Concepto="Gastos de construcción - Cemento Gris MAGNO 50 Kg" DesCta="Gastos generales de construcción                               " NumCta="601.80.01" Haber="0.00" Debe="1892.20">
            <PLZ:CompNal UUID_CFDI="44c3266d-9f6e-48bb-87f1-4393af48d628" RFC="IPE910308739" MontoTotal="1892.20"></PLZ:CompNal>
          </PLZ:Transaccion>
        <PLZ:Transaccion Concepto="Gastos de construcción - Duropanel 3&#34; Divisorio Reforzado" DesCta="Gastos generales de construcción                               " NumCta="601.80.01" Haber="0.00" Debe="3157.50">
            <PLZ:CompNal UUID_CFDI="44c3266d-9f6e-48bb-87f1-4393af48d628" RFC="IPE910308739" MontoTotal="3157.50"></PLZ:CompNal>
          </PLZ:Transaccion>
    </PLZ:Poliza>
    <PLZ:Poliza Fecha="2024-02-29" Concepto="Gastos de construcción" NumUnIdenPol="cons/2024/02/0002">
        <PLZ:Transaccion Concepto="Gastos de construcción" DesCta="Proveedores nacionales" NumCta="201.01.01" Haber="7079.05" Debe="0.00">
            <PLZ:CompNal UUID_CFDI="fbb0af39-ab34-4171-8918-9d0f5a4ff70b" RFC="SSJ910628FA3" MontoTotal="-7079.05"></PLZ:CompNal>
          </PLZ:Transaccion>
        <PLZ:Transaccion Concepto="Gastos de construcción - 15.- AKRON SAE 40 MONOGRADO" DesCta="Combustibles y lubricantes                                " NumCta="601.48.01" Haber="0.00" Debe="175.86">
            <PLZ:CompNal UUID_CFDI="fbb0af39-ab34-4171-8918-9d0f5a4ff70b" RFC="SSJ910628FA3" MontoTotal="175.86"></PLZ:CompNal>
          </PLZ:Transaccion>
        <PLZ:Transaccion Concepto="Gastos de construcción - 16%" DesCta="IVA pendiente de pago" NumCta="119.01.01" Haber="0.00" Debe="954.88">
            <PLZ:CompNal UUID_CFDI="fbb0af39-ab34-4171-8918-9d0f5a4ff70b" RFC="SSJ910628FA3" MontoTotal="954.88"></PLZ:CompNal>
          </PLZ:Transaccion>
        <PLZ:Transaccion Concepto="Gastos de construcción - MAGNA" DesCta="Combustibles y lubricantes                                " NumCta="601.48.01" Haber="0.00" Debe="4520.08">
            <PLZ:CompNal UUID_CFDI="fbb0af39-ab34-4171-8918-9d0f5a4ff70b" RFC="SSJ910628FA3" MontoTotal="4520.08"></PLZ:CompNal>
          </PLZ:Transaccion>
        <PLZ:Transaccion Concepto="Gastos de construcción - PREMIUM" DesCta="Combustibles y lubricantes                                " NumCta="601.48.01" Haber="0.00" Debe="1428.23">
            <PLZ:CompNal UUID_CFDI="fbb0af39-ab34-4171-8918-9d0f5a4ff70b" RFC="SSJ910628FA3" MontoTotal="1428.23"></PLZ:CompNal>
          </PLZ:Transaccion>
    </PLZ:Poliza>
    <PLZ:Poliza Fecha="2024-02-29" Concepto="Gastos de construcción" NumUnIdenPol="cons/2024/02/0001">
        <PLZ:Transaccion Concepto="Gastos de construcción" DesCta="Proveedores nacionales" NumCta="201.01.01" Haber="8070.18" Debe="0.00">
            <PLZ:CompNal UUID_CFDI="d33db1ac-2be5-479b-8462-f0f4b68c64d8" RFC="SSJ910628FA3" MontoTotal="-8070.18"></PLZ:CompNal>
          </PLZ:Transaccion>
        <PLZ:Transaccion Concepto="Gastos de construcción - 16%" DesCta="IVA pendiente de pago" NumCta="119.01.01" Haber="0.00" Debe="1088.92">
            <PLZ:CompNal UUID_CFDI="d33db1ac-2be5-479b-8462-f0f4b68c64d8" RFC="SSJ910628FA3" MontoTotal="1088.92"></PLZ:CompNal>
          </PLZ:Transaccion>
        <PLZ:Transaccion Concepto="Gastos de construcción - 49.- AKRON SAE 25W-50 RESISTANCE" DesCta="Combustibles y lubricantes                                " NumCta="601.48.01" Haber="0.00" Debe="88.79">
            <PLZ:CompNal UUID_CFDI="d33db1ac-2be5-479b-8462-f0f4b68c64d8" RFC="SSJ910628FA3" MontoTotal="88.79"></PLZ:CompNal>
          </PLZ:Transaccion>
        <PLZ:Transaccion Concepto="Gastos de construcción - MAGNA" DesCta="Combustibles y lubricantes                                " NumCta="601.48.01" Haber="0.00" Debe="6892.47">
            <PLZ:CompNal UUID_CFDI="d33db1ac-2be5-479b-8462-f0f4b68c64d8" RFC="SSJ910628FA3" MontoTotal="6892.47"></PLZ:CompNal>
          </PLZ:Transaccion>
    </PLZ:Poliza>
    <PLZ:Poliza Fecha="2024-02-29" Concepto="Gastos de construcción" NumUnIdenPol="cons/2024/02/0013">
        <PLZ:Transaccion Concepto="Gastos de construcción" DesCta="Proveedores nacionales" NumCta="201.01.01" Haber="8188.02" Debe="0.00">
            <PLZ:CompNal UUID_CFDI="7095628E-A3D7-59A1-9B74-824A8E57104F" RFC="GUAA701231KI3" MontoTotal="-8188.02"></PLZ:CompNal>
          </PLZ:Transaccion>
        <PLZ:Transaccion Concepto="Gastos de construcción - 16%" DesCta="IVA pendiente de pago" NumCta="119.01.01" Haber="0.00" Debe="1129.38">
            <PLZ:CompNal UUID_CFDI="7095628E-A3D7-59A1-9B74-824A8E57104F" RFC="GUAA701231KI3" MontoTotal="1129.38"></PLZ:CompNal>
          </PLZ:Transaccion>
        <PLZ:Transaccion Concepto="Gastos de construcción - VIGA 5&#34;" DesCta="Gastos generales de construcción                               " NumCta="601.80.01" Haber="0.00" Debe="1651.72">
            <PLZ:CompNal UUID_CFDI="7095628E-A3D7-59A1-9B74-824A8E57104F" RFC="GUAA701231KI3" MontoTotal="1651.72"></PLZ:CompNal>
          </PLZ:Transaccion>
        <PLZ:Transaccion Concepto="Gastos de construcción - VIGA 6&#34;" DesCta="Gastos generales de construcción                               " NumCta="601.80.01" Haber="0.00" Debe="5406.92">
            <PLZ:CompNal UUID_CFDI="7095628E-A3D7-59A1-9B74-824A8E57104F" RFC="GUAA701231KI3" MontoTotal="5406.92"></PLZ:CompNal>
          </PLZ:Transaccion>
    </PLZ:Poliza>
    <PLZ:Poliza Fecha="2024-02-29" Concepto="Gastos de construcción" NumUnIdenPol="cons/2024/02/0011">
        <PLZ:Transaccion Concepto="Gastos de construcción" DesCta="Proveedores nacionales" NumCta="201.01.01" Haber="8720.00" Debe="0.00">
            <PLZ:CompNal UUID_CFDI="1144B0E0-4355-5D98-9AD6-65AE1591D82D" RFC="GUAA701231KI3" MontoTotal="-8720.00"></PLZ:CompNal>
          </PLZ:Transaccion>
        <PLZ:Transaccion Concepto="Gastos de construcción - 16%" DesCta="IVA pendiente de pago" NumCta="119.01.01" Haber="0.00" Debe="1202.76">
            <PLZ:CompNal UUID_CFDI="1144B0E0-4355-5D98-9AD6-65AE1591D82D" RFC="GUAA701231KI3" MontoTotal="1202.76"></PLZ:CompNal>
          </PLZ:Transaccion>
        <PLZ:Transaccion Concepto="Gastos de construcción - ANGULO 3 x 1/4&#34;" DesCta="Gastos generales de construcción                               " NumCta="601.80.01" Haber="0.00" Debe="4910.36">
            <PLZ:CompNal UUID_CFDI="1144B0E0-4355-5D98-9AD6-65AE1591D82D" RFC="GUAA701231KI3" MontoTotal="4910.36"></PLZ:CompNal>
          </PLZ:Transaccion>
        <PLZ:Transaccion Concepto="Gastos de construcción - PTR 3x2 AZUL" DesCta="Gastos generales de construcción                               " NumCta="601.80.01" Haber="0.00" Debe="2606.88">
            <PLZ:CompNal UUID_CFDI="1144B0E0-4355-5D98-9AD6-65AE1591D82D" RFC="GUAA701231KI3" MontoTotal="2606.88"></PLZ:CompNal>
          </PLZ:Transaccion>
    </PLZ:Poliza>
    <PLZ:Poliza Fecha="2024-02-29" Concepto="Gastos de construcción" NumUnIdenPol="cons/2024/02/0003">
        <PLZ:Transaccion Concepto="Gastos de construcción" DesCta="Proveedores nacionales" NumCta="201.01.01" Haber="8727.06" Debe="0.00">
            <PLZ:CompNal UUID_CFDI="d41172eb-f52d-453a-87e2-0c52ed717b43" RFC="SSJ910628FA3" MontoTotal="-8727.06"></PLZ:CompNal>
          </PLZ:Transaccion>
        <PLZ:Transaccion Concepto="Gastos de construcción - 16%" DesCta="IVA pendiente de pago" NumCta="119.01.01" Haber="0.00" Debe="1177.46">
            <PLZ:CompNal UUID_CFDI="d41172eb-f52d-453a-87e2-0c52ed717b43" RFC="SSJ910628FA3" MontoTotal="1177.46"></PLZ:CompNal>
          </PLZ:Transaccion>
        <PLZ:Transaccion Concepto="Gastos de construcción - 49.- AKRON SAE 25W-50 RESISTANCE" DesCta="Combustibles y lubricantes                                " NumCta="601.48.01" Haber="0.00" Debe="88.79">
            <PLZ:CompNal UUID_CFDI="d41172eb-f52d-453a-87e2-0c52ed717b43" RFC="SSJ910628FA3" MontoTotal="88.79"></PLZ:CompNal>
          </PLZ:Transaccion>
        <PLZ:Transaccion Concepto="Gastos de construcción - MAGNA" DesCta="Combustibles y lubricantes                                " NumCta="601.48.01" Haber="0.00" Debe="6302.32">
            <PLZ:CompNal UUID_CFDI="d41172eb-f52d-453a-87e2-0c52ed717b43" RFC="SSJ910628FA3" MontoTotal="6302.32"></PLZ:CompNal>
          </PLZ:Transaccion>
        <PLZ:Transaccion Concepto="Gastos de construcción - PREMIUM" DesCta="Combustibles y lubricantes                                " NumCta="601.48.01" Haber="0.00" Debe="1158.49">
            <PLZ:CompNal UUID_CFDI="d41172eb-f52d-453a-87e2-0c52ed717b43" RFC="SSJ910628FA3" MontoTotal="1158.49"></PLZ:CompNal>
          </PLZ:Transaccion>
    </PLZ:Poliza>
    <PLZ:Poliza Fecha="2024-02-29" Concepto="Gastos de construcción" NumUnIdenPol="cons/2024/02/0051">
        <PLZ:Transaccion Concepto="Gastos de construcción" DesCta="Proveedores nacionales" NumCta="201.01.01" Haber="8870.94" Debe="0.00">
            <PLZ:CompNal UUID_CFDI="1c54f4e9-2759-4c6f-9b36-f6df5c0d591d" RFC="IPE910308739" MontoTotal="-8870.94"></PLZ:CompNal>
          </PLZ:Transaccion>
        <PLZ:Transaccion Concepto="Gastos de construcción - 16%" DesCta="IVA pendiente de pago" NumCta="119.01.01" Haber="0.00" Debe="1223.58">
            <PLZ:CompNal UUID_CFDI="1c54f4e9-2759-4c6f-9b36-f6df5c0d591d" RFC="IPE910308739" MontoTotal="1223.58"></PLZ:CompNal>
          </PLZ:Transaccion>
        <PLZ:Transaccion Concepto="Gastos de construcción - Cal de Construcción" DesCta="Gastos generales de construcción                               " NumCta="601.80.01" Haber="0.00" Debe="1558.60">
            <PLZ:CompNal UUID_CFDI="1c54f4e9-2759-4c6f-9b36-f6df5c0d591d" RFC="IPE910308739" MontoTotal="1558.60"></PLZ:CompNal>
          </PLZ:Transaccion>
        <PLZ:Transaccion Concepto="Gastos de construcción - Cemento Gris MAGNO 50 Kg" DesCta="Gastos generales de construcción                               " NumCta="601.80.01" Haber="0.00" Debe="3784.40">
            <PLZ:CompNal UUID_CFDI="1c54f4e9-2759-4c6f-9b36-f6df5c0d591d" RFC="IPE910308739" MontoTotal="3784.40"></PLZ:CompNal>
          </PLZ:Transaccion>
        <PLZ:Transaccion Concepto="Gastos de construcción - Duropanel 3&#34; Divisorio Reforzado" DesCta="Gastos generales de construcción                               " NumCta="601.80.01" Haber="0.00" Debe="1894.50">
            <PLZ:CompNal UUID_CFDI="1c54f4e9-2759-4c6f-9b36-f6df5c0d591d" RFC="IPE910308739" MontoTotal="1894.50"></PLZ:CompNal>
          </PLZ:Transaccion>
        <PLZ:Transaccion Concepto="Gastos de construcción - Trabe Electrosoldada 15 X 20 X 4 de 1/4&#34;" DesCta="Gastos generales de construcción                               " NumCta="601.80.01" Haber="0.00" Debe="409.86">
            <PLZ:CompNal UUID_CFDI="1c54f4e9-2759-4c6f-9b36-f6df5c0d591d" RFC="IPE910308739" MontoTotal="409.86"></PLZ:CompNal>
          </PLZ:Transaccion>
    </PLZ:Poliza>
    <PLZ:Poliza Fecha="2024-02-29" Concepto="Gastos de construcción" NumUnIdenPol="cons/2024/02/0004">
        <PLZ:Transaccion Concepto="Gastos de construcción" DesCta="Proveedores nacionales" NumCta="201.01.01" Haber="8905.11" Debe="0.00">
            <PLZ:CompNal UUID_CFDI="25e57d26-3814-4648-87f0-b1e510c68134" RFC="SSJ910628FA3" MontoTotal="-8905.11"></PLZ:CompNal>
          </PLZ:Transaccion>
        <PLZ:Transaccion Concepto="Gastos de construcción - 16%" DesCta="IVA pendiente de pago" NumCta="119.01.01" Haber="0.00" Debe="1200.65">
            <PLZ:CompNal UUID_CFDI="25e57d26-3814-4648-87f0-b1e510c68134" RFC="SSJ910628FA3" MontoTotal="1200.65"></PLZ:CompNal>
          </PLZ:Transaccion>
        <PLZ:Transaccion Concepto="Gastos de construcción - MAGNA" DesCta="Combustibles y lubricantes                                " NumCta="601.48.01" Haber="0.00" Debe="6501.20">
            <PLZ:CompNal UUID_CFDI="25e57d26-3814-4648-87f0-b1e510c68134" RFC="SSJ910628FA3" MontoTotal="6501.20"></PLZ:CompNal>
          </PLZ:Transaccion>
        <PLZ:Transaccion Concepto="Gastos de construcción - PREMIUM" DesCta="Combustibles y lubricantes                                " NumCta="601.48.01" Haber="0.00" Debe="1203.26">
            <PLZ:CompNal UUID_CFDI="25e57d26-3814-4648-87f0-b1e510c68134" RFC="SSJ910628FA3" MontoTotal="1203.26"></PLZ:CompNal>
          </PLZ:Transaccion>
    </PLZ:Poliza>
    <PLZ:Poliza Fecha="2024-02-29" Concepto="Gastos de construcción" NumUnIdenPol="cons/2024/02/0006">
        <PLZ:Transaccion Concepto="Gastos de construcción" DesCta="Proveedores nacionales" NumCta="201.01.01" Haber="9000.00" Debe="0.00">
            <PLZ:CompNal UUID_CFDI="980DDA81-AB49-4776-B0E0-F373CB9F9ACC" RFC="GALM8909103U3" MontoTotal="-9000.00"></PLZ:CompNal>
          </PLZ:Transaccion>
        <PLZ:Transaccion Concepto="Gastos de construcción - 16%" DesCta="IVA pendiente de pago" NumCta="119.01.01" Haber="0.00" Debe="1241.38">
            <PLZ:CompNal UUID_CFDI="980DDA81-AB49-4776-B0E0-F373CB9F9ACC" RFC="GALM8909103U3" MontoTotal="1241.38"></PLZ:CompNal>
          </PLZ:Transaccion>
        <PLZ:Transaccion Concepto="Gastos de construcción - RENTA DE ANDAMIOS" DesCta="Gastos generales de construcción                               " NumCta="601.80.01" Haber="0.00" Debe="7758.62">
            <PLZ:CompNal UUID_CFDI="980DDA81-AB49-4776-B0E0-F373CB9F9ACC" RFC="GALM8909103U3" MontoTotal="7758.62"></PLZ:CompNal>
          </PLZ:Transaccion>
    </PLZ:Poliza>
    <PLZ:Poliza Fecha="2024-02-29" Concepto="Gastos de construcción" NumUnIdenPol="cons/2024/02/0023">
        <PLZ:Transaccion Concepto="Gastos de construcción" DesCta="Proveedores nacionales" NumCta="201.01.01" Haber="9825.32" Debe="0.00">
            <PLZ:CompNal UUID_CFDI="82F5F260-8159-4019-A827-DC6570FC53C7" RFC="SAGP791210HNA" MontoTotal="-9825.32"></PLZ:CompNal>
          </PLZ:Transaccion>
        <PLZ:Transaccion Concepto="Gastos de construcción - 16%" DesCta="IVA pendiente de pago" NumCta="119.01.01" Haber="0.00" Debe="1355.22">
            <PLZ:CompNal UUID_CFDI="82F5F260-8159-4019-A827-DC6570FC53C7" RFC="SAGP791210HNA" MontoTotal="1355.22"></PLZ:CompNal>
          </PLZ:Transaccion>
        <PLZ:Transaccion Concepto="Gastos de construcción - PLACA CON 2 APAG ESC 1.5 MOD CRISTAL BLA" DesCta="Gastos generales de construcción                               " NumCta="601.80.01" Haber="0.00" Debe="864.50">
            <PLZ:CompNal UUID_CFDI="82F5F260-8159-4019-A827-DC6570FC53C7" RFC="SAGP791210HNA" MontoTotal="864.50"></PLZ:CompNal>
          </PLZ:Transaccion>
        <PLZ:Transaccion Concepto="Gastos de construcción - PLACA CON APAG ESC 3 MOD CRISTAL BANCO" DesCta="Gastos generales de construcción                               " NumCta="601.80.01" Haber="0.00" Debe="634.90">
            <PLZ:CompNal UUID_CFDI="82F5F260-8159-4019-A827-DC6570FC53C7" RFC="SAGP791210HNA" MontoTotal="634.90"></PLZ:CompNal>
          </PLZ:Transaccion>
        <PLZ:Transaccion Concepto="Gastos de construcción - PLACA CON APAG SENC 3 MOD CRISTAL BLANCO" DesCta="Gastos generales de construcción                               " NumCta="601.80.01" Haber="0.00" Debe="611.00">
            <PLZ:CompNal UUID_CFDI="82F5F260-8159-4019-A827-DC6570FC53C7" RFC="SAGP791210HNA" MontoTotal="611.00"></PLZ:CompNal>
          </PLZ:Transaccion>
        <PLZ:Transaccion Concepto="Gastos de construcción - PLACA CON CONTACTO DUPLEX CRISTAL BLANCO" DesCta="Gastos generales de construcción                               " NumCta="601.80.01" Haber="0.00" Debe="3825.50">
            <PLZ:CompNal UUID_CFDI="82F5F260-8159-4019-A827-DC6570FC53C7" RFC="SAGP791210HNA" MontoTotal="3825.50"></PLZ:CompNal>
          </PLZ:Transaccion>
        <PLZ:Transaccion Concepto="Gastos de construcción - PLACA CON TOMA TV LUCEK CRISTAL BLANCA" DesCta="Gastos generales de construcción                               " NumCta="601.80.01" Haber="0.00" Debe="431.40">
            <PLZ:CompNal UUID_CFDI="82F5F260-8159-4019-A827-DC6570FC53C7" RFC="SAGP791210HNA" MontoTotal="431.40"></PLZ:CompNal>
          </PLZ:Transaccion>
        <PLZ:Transaccion Concepto="Gastos de construcción - SLIM PANEL LED 6W LUMIANCE START 6500K" DesCta="Gastos generales de construcción                               " NumCta="601.80.01" Haber="0.00" Debe="2102.80">
            <PLZ:CompNal UUID_CFDI="82F5F260-8159-4019-A827-DC6570FC53C7" RFC="SAGP791210HNA" MontoTotal="2102.80"></PLZ:CompNal>
          </PLZ:Transaccion>
    </PLZ:Poliza>
    <PLZ:Poliza Fecha="2024-02-29" Concepto="Gastos de construcción" NumUnIdenPol="cons/2024/02/0017">
        <PLZ:Transaccion Concepto="Gastos de construcción" DesCta="Proveedores nacionales" NumCta="201.01.01" Haber="10786.57" Debe="0.00">
            <PLZ:CompNal UUID_CFDI="38238A8F-1AE5-4954-9C5F-E0DF0BD268D0" RFC="MOGC861031GW2" MontoTotal="-10786.57"></PLZ:CompNal>
          </PLZ:Transaccion>
        <PLZ:Transaccion Concepto="Gastos de construcción - 16%" DesCta="IVA pendiente de pago" NumCta="119.01.01" Haber="0.00" Debe="1487.80">
            <PLZ:CompNal UUID_CFDI="38238A8F-1AE5-4954-9C5F-E0DF0BD268D0" RFC="MOGC861031GW2" MontoTotal="1487.80"></PLZ:CompNal>
          </PLZ:Transaccion>
        <PLZ:Transaccion Concepto="Gastos de construcción - metal para tabla roca" DesCta="Gastos generales de construcción                               " NumCta="601.80.01" Haber="0.00" Debe="4649.70">
            <PLZ:CompNal UUID_CFDI="38238A8F-1AE5-4954-9C5F-E0DF0BD268D0" RFC="MOGC861031GW2" MontoTotal="4649.70"></PLZ:CompNal>
          </PLZ:Transaccion>
        <PLZ:Transaccion Concepto="Gastos de construcción - tabla roca y sus derivados" DesCta="Gastos generales de construcción                               " NumCta="601.80.01" Haber="0.00" Debe="4649.07">
            <PLZ:CompNal UUID_CFDI="38238A8F-1AE5-4954-9C5F-E0DF0BD268D0" RFC="MOGC861031GW2" MontoTotal="4649.07"></PLZ:CompNal>
          </PLZ:Transaccion>
    </PLZ:Poliza>
    <PLZ:Poliza Fecha="2024-02-29" Concepto="Gastos de construcción" NumUnIdenPol="cons/2024/02/0016">
        <PLZ:Transaccion Concepto="Gastos de construcción" DesCta="Proveedores nacionales" NumCta="201.01.01" Haber="10787.30" Debe="0.00">
            <PLZ:CompNal UUID_CFDI="A0806940-507C-4A6F-BD47-176B18AA8F1A" RFC="MOGC861031GW2" MontoTotal="-10787.30"></PLZ:CompNal>
          </PLZ:Transaccion>
        <PLZ:Transaccion Concepto="Gastos de construcción - 16%" DesCta="IVA pendiente de pago" NumCta="119.01.01" Haber="0.00" Debe="1487.90">
            <PLZ:CompNal UUID_CFDI="A0806940-507C-4A6F-BD47-176B18AA8F1A" RFC="MOGC861031GW2" MontoTotal="1487.90"></PLZ:CompNal>
          </PLZ:Transaccion>
        <PLZ:Transaccion Concepto="Gastos de construcción - tabla roca y sus derivados" DesCta="Gastos generales de construcción                               " NumCta="601.80.01" Haber="0.00" Debe="9299.40">
            <PLZ:CompNal UUID_CFDI="A0806940-507C-4A6F-BD47-176B18AA8F1A" RFC="MOGC861031GW2" MontoTotal="9299.40"></PLZ:CompNal>
          </PLZ:Transaccion>
    </PLZ:Poliza>
    <PLZ:Poliza Fecha="2024-02-29" Concepto="Gastos de construcción" NumUnIdenPol="cons/2024/02/0015">
        <PLZ:Transaccion Concepto="Gastos de construcción" DesCta="Proveedores nacionales" NumCta="201.01.01" Haber="13422.31" Debe="0.00">
            <PLZ:CompNal UUID_CFDI="56B58651-190E-4796-A8BD-868D1C43FEF8" RFC="GALJ900105KG9" MontoTotal="-13422.31"></PLZ:CompNal>
          </PLZ:Transaccion>
        <PLZ:Transaccion Concepto="Gastos de construcción - 16%" DesCta="IVA pendiente de pago" NumCta="119.01.01" Haber="0.00" Debe="1851.35">
            <PLZ:CompNal UUID_CFDI="56B58651-190E-4796-A8BD-868D1C43FEF8" RFC="GALJ900105KG9" MontoTotal="1851.35"></PLZ:CompNal>
          </PLZ:Transaccion>
        <PLZ:Transaccion Concepto="Gastos de construcción - PTR 4 X 4&#34; AZUL" DesCta="Gastos generales de construcción                               " NumCta="601.80.01" Haber="0.00" Debe="11570.96">
            <PLZ:CompNal UUID_CFDI="56B58651-190E-4796-A8BD-868D1C43FEF8" RFC="GALJ900105KG9" MontoTotal="11570.96"></PLZ:CompNal>
          </PLZ:Transaccion>
    </PLZ:Poliza>
    <PLZ:Poliza Fecha="2024-02-29" Concepto="Gastos de construcción" NumUnIdenPol="cons/2024/02/0009">
        <PLZ:Transaccion Concepto="Gastos de construcción" DesCta="Proveedores nacionales" NumCta="201.01.01" Haber="15000.08" Debe="0.00">
            <PLZ:CompNal UUID_CFDI="DEFB55F3-448D-5BDC-AC2C-2FB3864728CD" RFC="CORF500801QP0" MontoTotal="-15000.08"></PLZ:CompNal>
          </PLZ:Transaccion>
        <PLZ:Transaccion Concepto="Gastos de construcción - 16%" DesCta="IVA pendiente de pago" NumCta="119.01.01" Haber="0.00" Debe="2068.98">
            <PLZ:CompNal UUID_CFDI="DEFB55F3-448D-5BDC-AC2C-2FB3864728CD" RFC="CORF500801QP0" MontoTotal="2068.98"></PLZ:CompNal>
          </PLZ:Transaccion>
        <PLZ:Transaccion Concepto="Gastos de construcción - ROLLO CABLE 1 X10" DesCta="Gastos generales de construcción                               " NumCta="601.80.01" Haber="0.00" Debe="12931.10">
            <PLZ:CompNal UUID_CFDI="DEFB55F3-448D-5BDC-AC2C-2FB3864728CD" RFC="CORF500801QP0" MontoTotal="12931.10"></PLZ:CompNal>
          </PLZ:Transaccion>
    </PLZ:Poliza>
    <PLZ:Poliza Fecha="2024-02-29" Concepto="Gastos de construcción" NumUnIdenPol="cons/2024/02/0010">
        <PLZ:Transaccion Concepto="Gastos de construcción" DesCta="Proveedores nacionales" NumCta="201.01.01" Haber="36258.00" Debe="0.00">
            <PLZ:CompNal UUID_CFDI="8E4091F8-193A-4317-A17C-7F31A34EF186" RFC="CCO190228A80" MontoTotal="-36258.00"></PLZ:CompNal>
          </PLZ:Transaccion>
        <PLZ:Transaccion Concepto="Gastos de construcción - 16%" DesCta="IVA pendiente de pago" NumCta="119.01.01" Haber="0.00" Debe="5001.10">
            <PLZ:CompNal UUID_CFDI="8E4091F8-193A-4317-A17C-7F31A34EF186" RFC="CCO190228A80" MontoTotal="5001.10"></PLZ:CompNal>
          </PLZ:Transaccion>
        <PLZ:Transaccion Concepto="Gastos de construcción - SUMINISTRO DE CONCRETO HIDRAULICO" DesCta="Gastos generales de construcción                               " NumCta="601.80.01" Haber="0.00" Debe="31256.90">
            <PLZ:CompNal UUID_CFDI="8E4091F8-193A-4317-A17C-7F31A34EF186" RFC="CCO190228A80" MontoTotal="31256.90"></PLZ:CompNal>
          </PLZ:Transaccion>
    </PLZ:Poliza>
    <PLZ:Poliza Fecha="2024-02-29" Concepto="Gastos de construcción" NumUnIdenPol="cons/2024/02/0043">
        <PLZ:Transaccion Concepto="Gastos de construcción" DesCta="Proveedores nacionales" NumCta="201.01.01" Haber="1874.50" Debe="0.00">
            <PLZ:CompNal UUID_CFDI="815eb89c-5759-416f-b963-f7a2cede90cf" RFC="IPE910308739" MontoTotal="-1874.50"></PLZ:CompNal>
          </PLZ:Transaccion>
        <PLZ:Transaccion Concepto="Gastos de construcción - 16%" DesCta="IVA pendiente de pago" NumCta="119.01.01" Haber="0.00" Debe="258.55">
            <PLZ:CompNal UUID_CFDI="815eb89c-5759-416f-b963-f7a2cede90cf" RFC="IPE910308739" MontoTotal="258.55"></PLZ:CompNal>
          </PLZ:Transaccion>
        <PLZ:Transaccion Concepto="Gastos de construcción - Canaleta Carga 22 (1 5/8&#34;(4.10cm) x 3.05m)" DesCta="Gastos generales de construcción                               " NumCta="601.80.01" Haber="0.00" Debe="320.55">
            <PLZ:CompNal UUID_CFDI="815eb89c-5759-416f-b963-f7a2cede90cf" RFC="IPE910308739" MontoTotal="320.55"></PLZ:CompNal>
          </PLZ:Transaccion>
        <PLZ:Transaccion Concepto="Gastos de construcción - Plaka LT (12.7mm x 1.22m x 2.44m)" DesCta="Gastos generales de construcción                               " NumCta="601.80.01" Haber="0.00" Debe="1295.40">
            <PLZ:CompNal UUID_CFDI="815eb89c-5759-416f-b963-f7a2cede90cf" RFC="IPE910308739" MontoTotal="1295.40"></PLZ:CompNal>
          </PLZ:Transaccion>
    </PLZ:Poliza>
    <PLZ:Poliza Fecha="2024-02-29" Concepto="Gastos de construcción" NumUnIdenPol="cons/2024/02/0042">
        <PLZ:Transaccion Concepto="Gastos de construcción" DesCta="Proveedores nacionales" NumCta="201.01.01" Haber="1904.33" Debe="0.00">
            <PLZ:CompNal UUID_CFDI="18199575-dfa5-4364-af10-48d1c03d1f7f" RFC="IPE910308739" MontoTotal="-1904.33"></PLZ:CompNal>
          </PLZ:Transaccion>
        <PLZ:Transaccion Concepto="Gastos de construcción - 16%" DesCta="IVA pendiente de pago" NumCta="119.01.01" Haber="0.00" Debe="262.67">
            <PLZ:CompNal UUID_CFDI="18199575-dfa5-4364-af10-48d1c03d1f7f" RFC="IPE910308739" MontoTotal="262.67"></PLZ:CompNal>
          </PLZ:Transaccion>
        <PLZ:Transaccion Concepto="Gastos de construcción - Aquaroc Max (11mm x 1.22m x 2.44m)" DesCta="Gastos generales de construcción                               " NumCta="601.80.01" Haber="0.00" Debe="550.47">
            <PLZ:CompNal UUID_CFDI="18199575-dfa5-4364-af10-48d1c03d1f7f" RFC="IPE910308739" MontoTotal="550.47"></PLZ:CompNal>
          </PLZ:Transaccion>
        <PLZ:Transaccion Concepto="Gastos de construcción - Canaleta Carga 22 (1 5/8&#34;(4.10cm) x 3.05m)" DesCta="Gastos generales de construcción                               " NumCta="601.80.01" Haber="0.00" Debe="961.65">
            <PLZ:CompNal UUID_CFDI="18199575-dfa5-4364-af10-48d1c03d1f7f" RFC="IPE910308739" MontoTotal="961.65"></PLZ:CompNal>
          </PLZ:Transaccion>
        <PLZ:Transaccion Concepto="Gastos de construcción - Plaka LT (12.7mm x 1.22m x 2.44m)" DesCta="Gastos generales de construcción                               " NumCta="601.80.01" Haber="0.00" Debe="129.54">
            <PLZ:CompNal UUID_CFDI="18199575-dfa5-4364-af10-48d1c03d1f7f" RFC="IPE910308739" MontoTotal="129.54"></PLZ:CompNal>
          </PLZ:Transaccion>
    </PLZ:Poliza>
    <PLZ:Poliza Fecha="2024-02-29" Concepto="Gastos de construcción" NumUnIdenPol="cons/2024/02/0044">
        <PLZ:Transaccion Concepto="Gastos de construcción" DesCta="Proveedores nacionales" NumCta="201.01.01" Haber="1803.20" Debe="0.00">
            <PLZ:CompNal UUID_CFDI="a524a66b-4184-4fbe-9a74-69472fa225c2" RFC="IPE910308739" MontoTotal="-1803.20"></PLZ:CompNal>
          </PLZ:Transaccion>
        <PLZ:Transaccion Concepto="Gastos de construcción - 16%" DesCta="IVA pendiente de pago" NumCta="119.01.01" Haber="0.00" Debe="248.72">
            <PLZ:CompNal UUID_CFDI="a524a66b-4184-4fbe-9a74-69472fa225c2" RFC="IPE910308739" MontoTotal="248.72"></PLZ:CompNal>
          </PLZ:Transaccion>
        <PLZ:Transaccion Concepto="Gastos de construcción - Plaka LT (12.7mm x 1.22m x 2.44m)" DesCta="Gastos generales de construcción                               " NumCta="601.80.01" Haber="0.00" Debe="1554.48">
            <PLZ:CompNal UUID_CFDI="a524a66b-4184-4fbe-9a74-69472fa225c2" RFC="IPE910308739" MontoTotal="1554.48"></PLZ:CompNal>
          </PLZ:Transaccion>
    </PLZ:Poliza>
    <PLZ:Poliza Fecha="2024-02-29" Concepto="Gastos de construcción" NumUnIdenPol="cons/2024/02/0045">
        <PLZ:Transaccion Concepto="Gastos de construcción" DesCta="Proveedores nacionales" NumCta="201.01.01" Haber="1803.20" Debe="0.00">
            <PLZ:CompNal UUID_CFDI="205cda0b-7d23-434a-9f1d-aa9adf8f1c86" RFC="IPE910308739" MontoTotal="-1803.20"></PLZ:CompNal>
          </PLZ:Transaccion>
        <PLZ:Transaccion Concepto="Gastos de construcción - 16%" DesCta="IVA pendiente de pago" NumCta="119.01.01" Haber="0.00" Debe="248.72">
            <PLZ:CompNal UUID_CFDI="205cda0b-7d23-434a-9f1d-aa9adf8f1c86" RFC="IPE910308739" MontoTotal="248.72"></PLZ:CompNal>
          </PLZ:Transaccion>
        <PLZ:Transaccion Concepto="Gastos de construcción - Plaka LT (12.7mm x 1.22m x 2.44m)" DesCta="Gastos generales de construcción                               " NumCta="601.80.01" Haber="0.00" Debe="1554.48">
            <PLZ:CompNal UUID_CFDI="205cda0b-7d23-434a-9f1d-aa9adf8f1c86" RFC="IPE910308739" MontoTotal="1554.48"></PLZ:CompNal>
          </PLZ:Transaccion>
    </PLZ:Poliza>
    <PLZ:Poliza Fecha="2024-02-29" Concepto="Gastos de construcción" NumUnIdenPol="cons/2024/02/0019">
        <PLZ:Transaccion Concepto="Gastos de construcción" DesCta="Proveedores nacionales" NumCta="201.01.01" Haber="1299.99" Debe="0.00">
            <PLZ:CompNal UUID_CFDI="491CB5DA-CEDE-4752-B3BC-0393C3871E91" RFC="MCL980713JY1" MontoTotal="-1299.99"></PLZ:CompNal>
          </PLZ:Transaccion>
        <PLZ:Transaccion Concepto="Gastos de construcción - 16%" DesCta="IVA pendiente de pago" NumCta="119.01.01" Haber="0.00" Debe="179.31">
            <PLZ:CompNal UUID_CFDI="491CB5DA-CEDE-4752-B3BC-0393C3871E91" RFC="MCL980713JY1" MontoTotal="179.31"></PLZ:CompNal>
          </PLZ:Transaccion>
        <PLZ:Transaccion Concepto="Gastos de construcción - HOJA PANEL W 3&#34; BLANCO TECNO PANEL DIVISOR" DesCta="Gastos generales de construcción                               " NumCta="601.80.01" Haber="0.00" Debe="1120.68">
            <PLZ:CompNal UUID_CFDI="491CB5DA-CEDE-4752-B3BC-0393C3871E91" RFC="MCL980713JY1" MontoTotal="1120.68"></PLZ:CompNal>
          </PLZ:Transaccion>
    </PLZ:Poliza>
    <PLZ:Poliza Fecha="2024-02-29" Concepto="Gastos de construcción" NumUnIdenPol="cons/2024/02/0018">
        <PLZ:Transaccion Concepto="Gastos de construcción" DesCta="Proveedores nacionales" NumCta="201.01.01" Haber="1949.98" Debe="0.00">
            <PLZ:CompNal UUID_CFDI="16A712BE-BB7D-40B9-B8B4-47AE4C15165C" RFC="MCL980713JY1" MontoTotal="-1949.98"></PLZ:CompNal>
          </PLZ:Transaccion>
        <PLZ:Transaccion Concepto="Gastos de construcción - 16%" DesCta="IVA pendiente de pago" NumCta="119.01.01" Haber="0.00" Debe="268.96">
            <PLZ:CompNal UUID_CFDI="16A712BE-BB7D-40B9-B8B4-47AE4C15165C" RFC="MCL980713JY1" MontoTotal="268.96"></PLZ:CompNal>
          </PLZ:Transaccion>
        <PLZ:Transaccion Concepto="Gastos de construcción - HOJA PANEL W 3&#34; BLANCO TECNO PANEL DIVISOR" DesCta="Gastos generales de construcción                               " NumCta="601.80.01" Haber="0.00" Debe="1681.02">
            <PLZ:CompNal UUID_CFDI="16A712BE-BB7D-40B9-B8B4-47AE4C15165C" RFC="MCL980713JY1" MontoTotal="1681.02"></PLZ:CompNal>
          </PLZ:Transaccion>
    </PLZ:Poliza>
    <PLZ:Poliza Fecha="2024-02-29" Concepto="Gastos de construcción" NumUnIdenPol="cons/2024/02/0036">
        <PLZ:Transaccion Concepto="Gastos de construcción" DesCta="Proveedores nacionales" NumCta="201.01.01" Haber="1707.53" Debe="0.00">
            <PLZ:CompNal UUID_CFDI="b77ed574-5dc2-4662-ab09-c1c38b61d59e" RFC="MIR950607337" MontoTotal="-1707.53"></PLZ:CompNal>
          </PLZ:Transaccion>
        <PLZ:Transaccion Concepto="Gastos de construcción - 16%" DesCta="IVA pendiente de pago" NumCta="119.01.01" Haber="0.00" Debe="235.52">
            <PLZ:CompNal UUID_CFDI="b77ed574-5dc2-4662-ab09-c1c38b61d59e" RFC="MIR950607337" MontoTotal="235.52"></PLZ:CompNal>
          </PLZ:Transaccion>
        <PLZ:Transaccion Concepto="Gastos de construcción - DUELA PORCEL SIN/RECT BLENDWOOD CANELA 20X120 1RA &#34;REBAJADA-JMR+ s/exis&#34; 1.73 MT X CJA CESANTONI DES" DesCta="Gastos generales de construcción                               " NumCta="601.80.01" Haber="0.00" Debe="1472.01">
            <PLZ:CompNal UUID_CFDI="b77ed574-5dc2-4662-ab09-c1c38b61d59e" RFC="MIR950607337" MontoTotal="1472.01"></PLZ:CompNal>
          </PLZ:Transaccion>
    </PLZ:Poliza>
    <PLZ:Poliza Fecha="2024-02-29" Concepto="Gastos de construcción" NumUnIdenPol="cons/2024/02/0026">
        <PLZ:Transaccion Concepto="Gastos de construcción" DesCta="Proveedores nacionales" NumCta="201.01.01" Haber="1951.93" Debe="0.00">
            <PLZ:CompNal UUID_CFDI="31F99D40-7D11-467B-B847-5AA2A957C396" RFC="MAAH720713IN0" MontoTotal="-1951.93"></PLZ:CompNal>
          </PLZ:Transaccion>
        <PLZ:Transaccion Concepto="Gastos de construcción - 16%" DesCta="IVA pendiente de pago" NumCta="119.01.01" Haber="0.00" Debe="269.23">
            <PLZ:CompNal UUID_CFDI="31F99D40-7D11-467B-B847-5AA2A957C396" RFC="MAAH720713IN0" MontoTotal="269.23"></PLZ:CompNal>
          </PLZ:Transaccion>
        <PLZ:Transaccion Concepto="Gastos de construcción - TABROCA" DesCta="Gastos generales de construcción                               " NumCta="601.80.01" Haber="0.00" Debe="1612.05">
            <PLZ:CompNal UUID_CFDI="31F99D40-7D11-467B-B847-5AA2A957C396" RFC="MAAH720713IN0" MontoTotal="1612.05"></PLZ:CompNal>
          </PLZ:Transaccion>
        <PLZ:Transaccion Concepto="Gastos de construcción - pija varios" DesCta="Gastos generales de construcción                               " NumCta="601.80.01" Haber="0.00" Debe="70.65">
            <PLZ:CompNal UUID_CFDI="31F99D40-7D11-467B-B847-5AA2A957C396" RFC="MAAH720713IN0" MontoTotal="70.65"></PLZ:CompNal>
          </PLZ:Transaccion>
    </PLZ:Poliza>
    <PLZ:Poliza Fecha="2024-02-29" Concepto="Gastos de construcción" NumUnIdenPol="cons/2024/02/0027">
        <PLZ:Transaccion Concepto="Gastos de construcción" DesCta="Proveedores nacionales" NumCta="201.01.01" Haber="1964.37" Debe="0.00">
            <PLZ:CompNal UUID_CFDI="B761CF83-FAC8-4060-AC55-F91B6B2B7D23" RFC="MAAH720713IN0" MontoTotal="-1964.37"></PLZ:CompNal>
          </PLZ:Transaccion>
        <PLZ:Transaccion Concepto="Gastos de construcción - 16%" DesCta="IVA pendiente de pago" NumCta="119.01.01" Haber="0.00" Debe="270.95">
            <PLZ:CompNal UUID_CFDI="B761CF83-FAC8-4060-AC55-F91B6B2B7D23" RFC="MAAH720713IN0" MontoTotal="270.95"></PLZ:CompNal>
          </PLZ:Transaccion>
        <PLZ:Transaccion Concepto="Gastos de construcción - CANAL METAL TABLAROCA" DesCta="Gastos generales de construcción                               " NumCta="601.80.01" Haber="0.00" Debe="775.80">
            <PLZ:CompNal UUID_CFDI="B761CF83-FAC8-4060-AC55-F91B6B2B7D23" RFC="MAAH720713IN0" MontoTotal="775.80"></PLZ:CompNal>
          </PLZ:Transaccion>
        <PLZ:Transaccion Concepto="Gastos de construcción - PASTA TBR" DesCta="Gastos generales de construcción                               " NumCta="601.80.01" Haber="0.00" Debe="258.62">
            <PLZ:CompNal UUID_CFDI="B761CF83-FAC8-4060-AC55-F91B6B2B7D23" RFC="MAAH720713IN0" MontoTotal="258.62"></PLZ:CompNal>
          </PLZ:Transaccion>
        <PLZ:Transaccion Concepto="Gastos de construcción - POSTE DE METAL 6.10" DesCta="Gastos generales de construcción                               " NumCta="601.80.01" Haber="0.00" Debe="659.00">
            <PLZ:CompNal UUID_CFDI="B761CF83-FAC8-4060-AC55-F91B6B2B7D23" RFC="MAAH720713IN0" MontoTotal="659.00"></PLZ:CompNal>
          </PLZ:Transaccion>
    </PLZ:Poliza>
    <PLZ:Poliza Fecha="2024-02-29" Concepto="Gastos de construcción" NumUnIdenPol="cons/2024/02/0012">
        <PLZ:Transaccion Concepto="Gastos de construcción" DesCta="Proveedores nacionales" NumCta="201.01.01" Haber="4800.00" Debe="0.00">
            <PLZ:CompNal UUID_CFDI="8A19D96D-D392-5440-B6EC-838E8FA3DE0D" RFC="GUAA701231KI3" MontoTotal="-4800.00"></PLZ:CompNal>
          </PLZ:Transaccion>
        <PLZ:Transaccion Concepto="Gastos de construcción - 16%" DesCta="IVA pendiente de pago" NumCta="119.01.01" Haber="0.00" Debe="662.07">
            <PLZ:CompNal UUID_CFDI="8A19D96D-D392-5440-B6EC-838E8FA3DE0D" RFC="GUAA701231KI3" MontoTotal="662.07"></PLZ:CompNal>
          </PLZ:Transaccion>
        <PLZ:Transaccion Concepto="Gastos de construcción - SOLERA 2 x 1/8&#34;" DesCta="Gastos generales de construcción                               " NumCta="601.80.01" Haber="0.00" Debe="3310.35">
            <PLZ:CompNal UUID_CFDI="8A19D96D-D392-5440-B6EC-838E8FA3DE0D" RFC="GUAA701231KI3" MontoTotal="3310.35"></PLZ:CompNal>
          </PLZ:Transaccion>
        <PLZ:Transaccion Concepto="Gastos de construcción - SOLERA 2&#34;x 1/4&#34;" DesCta="Gastos generales de construcción                               " NumCta="601.80.01" Haber="0.00" Debe="827.58">
            <PLZ:CompNal UUID_CFDI="8A19D96D-D392-5440-B6EC-838E8FA3DE0D" RFC="GUAA701231KI3" MontoTotal="827.58"></PLZ:CompNal>
          </PLZ:Transaccion>
    </PLZ:Poliza>
    <PLZ:Poliza Fecha="2024-02-29" Concepto="Gastos de construcción" NumUnIdenPol="cons/2024/02/0028">
        <PLZ:Transaccion Concepto="Gastos de construcción" DesCta="Proveedores nacionales" NumCta="201.01.01" Haber="3184.00" Debe="0.00">
            <PLZ:CompNal UUID_CFDI="77D19EA6-C314-4D75-A73C-64CD3BF4C05F" RFC="MAAH720713IN0" MontoTotal="-3184.00"></PLZ:CompNal>
          </PLZ:Transaccion>
        <PLZ:Transaccion Concepto="Gastos de construcción - 16%" DesCta="IVA pendiente de pago" NumCta="119.01.01" Haber="0.00" Debe="439.17">
            <PLZ:CompNal UUID_CFDI="77D19EA6-C314-4D75-A73C-64CD3BF4C05F" RFC="MAAH720713IN0" MontoTotal="439.17"></PLZ:CompNal>
          </PLZ:Transaccion>
        <PLZ:Transaccion Concepto="Gastos de construcción - CANAL METAL TABLAROCA" DesCta="Gastos generales de construcción                               " NumCta="601.80.01" Haber="0.00" Debe="672.36">
            <PLZ:CompNal UUID_CFDI="77D19EA6-C314-4D75-A73C-64CD3BF4C05F" RFC="MAAH720713IN0" MontoTotal="672.36"></PLZ:CompNal>
          </PLZ:Transaccion>
        <PLZ:Transaccion Concepto="Gastos de construcción - CINTA PAPEL TBR" DesCta="Gastos generales de construcción                               " NumCta="601.80.01" Haber="0.00" Debe="172.44">
            <PLZ:CompNal UUID_CFDI="77D19EA6-C314-4D75-A73C-64CD3BF4C05F" RFC="MAAH720713IN0" MontoTotal="172.44"></PLZ:CompNal>
          </PLZ:Transaccion>
        <PLZ:Transaccion Concepto="Gastos de construcción - CINTMAYA" DesCta="Gastos generales de construcción                               " NumCta="601.80.01" Haber="0.00" Debe="934.45">
            <PLZ:CompNal UUID_CFDI="77D19EA6-C314-4D75-A73C-64CD3BF4C05F" RFC="MAAH720713IN0" MontoTotal="934.45"></PLZ:CompNal>
          </PLZ:Transaccion>
        <PLZ:Transaccion Concepto="Gastos de construcción - POSTE DE METAL 6.10" DesCta="Gastos generales de construcción                               " NumCta="601.80.01" Haber="0.00" Debe="965.58">
            <PLZ:CompNal UUID_CFDI="77D19EA6-C314-4D75-A73C-64CD3BF4C05F" RFC="MAAH720713IN0" MontoTotal="965.58"></PLZ:CompNal>
          </PLZ:Transaccion>
    </PLZ:Poliza>
    <PLZ:Poliza Fecha="2024-02-29" Concepto="Gastos de construcción" NumUnIdenPol="cons/2024/02/0046">
        <PLZ:Transaccion Concepto="Gastos de construcción" DesCta="Proveedores nacionales" NumCta="201.01.01" Haber="5752.50" Debe="0.00">
            <PLZ:CompNal UUID_CFDI="634c80ee-9293-4b0d-9b2c-56e9bbe662db" RFC="IPE910308739" MontoTotal="-5752.50"></PLZ:CompNal>
          </PLZ:Transaccion>
        <PLZ:Transaccion Concepto="Gastos de construcción - 16%" DesCta="IVA pendiente de pago" NumCta="119.01.01" Haber="0.00" Debe="793.45">
            <PLZ:CompNal UUID_CFDI="634c80ee-9293-4b0d-9b2c-56e9bbe662db" RFC="IPE910308739" MontoTotal="793.45"></PLZ:CompNal>
          </PLZ:Transaccion>
        <PLZ:Transaccion Concepto="Gastos de construcción - Plaka LT (12.7mm x 1.22m x 2.44m)" DesCta="Gastos generales de construcción                               " NumCta="601.80.01" Haber="0.00" Debe="3886.20">
            <PLZ:CompNal UUID_CFDI="634c80ee-9293-4b0d-9b2c-56e9bbe662db" RFC="IPE910308739" MontoTotal="3886.20"></PLZ:CompNal>
          </PLZ:Transaccion>
        <PLZ:Transaccion Concepto="Gastos de construcción - RD+Mix Básico Caja 22 kg" DesCta="Gastos generales de construcción                               " NumCta="601.80.01" Haber="0.00" Debe="1072.85">
            <PLZ:CompNal UUID_CFDI="634c80ee-9293-4b0d-9b2c-56e9bbe662db" RFC="IPE910308739" MontoTotal="1072.85"></PLZ:CompNal>
          </PLZ:Transaccion>
    </PLZ:Poliza>
    <PLZ:Poliza Fecha="2024-02-29" Concepto="Gastos de construcción" NumUnIdenPol="cons/2024/02/0038">
        <PLZ:Transaccion Concepto="Gastos de construcción" DesCta="Proveedores nacionales" NumCta="201.01.01" Haber="811.12" Debe="0.00">
            <PLZ:CompNal UUID_CFDI="5da2bded-6018-448f-9611-a8c83544df42" RFC="MIR950607337" MontoTotal="-811.12"></PLZ:CompNal>
          </PLZ:Transaccion>
        <PLZ:Transaccion Concepto="Gastos de construcción - 16%" DesCta="IVA pendiente de pago" NumCta="119.01.01" Haber="0.00" Debe="111.88">
            <PLZ:CompNal UUID_CFDI="5da2bded-6018-448f-9611-a8c83544df42" RFC="MIR950607337" MontoTotal="111.88"></PLZ:CompNal>
          </PLZ:Transaccion>
        <PLZ:Transaccion Concepto="Gastos de construcción - JUNTEADOR KERACOLOR FF 113 GRIS CEMENTO BOLSA 5 KG CESANTONI" DesCta="Gastos generales de construcción                               " NumCta="601.80.01" Haber="0.00" Debe="205.17">
            <PLZ:CompNal UUID_CFDI="5da2bded-6018-448f-9611-a8c83544df42" RFC="MIR950607337" MontoTotal="205.17"></PLZ:CompNal>
          </PLZ:Transaccion>
        <PLZ:Transaccion Concepto="Gastos de construcción - PISO SG RECT SILVERSTONE 60X120 1RA &#34;REBAJADO-JMR&#34; 1.44 MT X CJA CESANTONI" DesCta="Gastos generales de construcción                               " NumCta="601.80.01" Haber="0.00" Debe="494.07">
            <PLZ:CompNal UUID_CFDI="5da2bded-6018-448f-9611-a8c83544df42" RFC="MIR950607337" MontoTotal="494.07"></PLZ:CompNal>
          </PLZ:Transaccion>
    </PLZ:Poliza>
    <PLZ:Poliza Fecha="2024-02-29" Concepto="Gastos de construcción" NumUnIdenPol="cons/2024/02/0037">
        <PLZ:Transaccion Concepto="Gastos de construcción" DesCta="Proveedores nacionales" NumCta="201.01.01" Haber="4618.95" Debe="0.00">
            <PLZ:CompNal UUID_CFDI="02b8120b-773e-428e-9e45-216d5ecbd7e0" RFC="MIR950607337" MontoTotal="-4618.95"></PLZ:CompNal>
          </PLZ:Transaccion>
        <PLZ:Transaccion Concepto="Gastos de construcción - 16%" DesCta="IVA pendiente de pago" NumCta="119.01.01" Haber="0.00" Debe="637.10">
            <PLZ:CompNal UUID_CFDI="02b8120b-773e-428e-9e45-216d5ecbd7e0" RFC="MIR950607337" MontoTotal="637.10"></PLZ:CompNal>
          </PLZ:Transaccion>
        <PLZ:Transaccion Concepto="Gastos de construcción - DUELA PORCEL RECT BLENDWOOD CANELA 20X120 1RA &#34;REBAJADA-JMR&#34; 1.68 MT X CJA CESANTONI" DesCta="Gastos generales de construcción                               " NumCta="601.80.01" Haber="0.00" Debe="3507.70">
            <PLZ:CompNal UUID_CFDI="02b8120b-773e-428e-9e45-216d5ecbd7e0" RFC="MIR950607337" MontoTotal="3507.70"></PLZ:CompNal>
          </PLZ:Transaccion>
        <PLZ:Transaccion Concepto="Gastos de construcción - PEGAPISO GRIS SACO C/ 20 KG &#34;PROMOCION&#34; PERDURA" DesCta="Gastos generales de construcción                               " NumCta="601.80.01" Haber="0.00" Debe="474.15">
            <PLZ:CompNal UUID_CFDI="02b8120b-773e-428e-9e45-216d5ecbd7e0" RFC="MIR950607337" MontoTotal="474.15"></PLZ:CompNal>
          </PLZ:Transaccion>
    </PLZ:Poliza>
    <PLZ:Poliza Fecha="2024-02-29" Concepto="Gastos de construcción" NumUnIdenPol="cons/2024/02/0048">
        <PLZ:Transaccion Concepto="Gastos de construcción" DesCta="Proveedores nacionales" NumCta="201.01.01" Haber="3098.94" Debe="0.00">
            <PLZ:CompNal UUID_CFDI="8e84a8ec-a6e5-41d3-975c-90fd822cc47d" RFC="IPE910308739" MontoTotal="-3098.94"></PLZ:CompNal>
          </PLZ:Transaccion>
        <PLZ:Transaccion Concepto="Gastos de construcción - 16%" DesCta="IVA pendiente de pago" NumCta="119.01.01" Haber="0.00" Debe="427.44">
            <PLZ:CompNal UUID_CFDI="8e84a8ec-a6e5-41d3-975c-90fd822cc47d" RFC="IPE910308739" MontoTotal="427.44"></PLZ:CompNal>
          </PLZ:Transaccion>
        <PLZ:Transaccion Concepto="Gastos de construcción - Cal de Construcción" DesCta="Gastos generales de construcción                               " NumCta="601.80.01" Haber="0.00" Debe="779.30">
            <PLZ:CompNal UUID_CFDI="8e84a8ec-a6e5-41d3-975c-90fd822cc47d" RFC="IPE910308739" MontoTotal="779.30"></PLZ:CompNal>
          </PLZ:Transaccion>
        <PLZ:Transaccion Concepto="Gastos de construcción - Cemento Gris MAGNO 50 Kg" DesCta="Gastos generales de construcción                               " NumCta="601.80.01" Haber="0.00" Debe="1892.20">
            <PLZ:CompNal UUID_CFDI="8e84a8ec-a6e5-41d3-975c-90fd822cc47d" RFC="IPE910308739" MontoTotal="1892.20"></PLZ:CompNal>
          </PLZ:Transaccion>
    </PLZ:Poliza>
    <PLZ:Poliza Fecha="2024-02-29" Concepto="Gastos de construcción" NumUnIdenPol="cons/2024/02/0039">
        <PLZ:Transaccion Concepto="Gastos de construcción" DesCta="Proveedores nacionales" NumCta="201.01.01" Haber="487.15" Debe="0.00">
            <PLZ:CompNal UUID_CFDI="c8db30f1-ed01-42b5-983c-cbb663cd4af3" RFC="MIR950607337" MontoTotal="-487.15"></PLZ:CompNal>
          </PLZ:Transaccion>
        <PLZ:Transaccion Concepto="Gastos de construcción - 16%" DesCta="IVA pendiente de pago" NumCta="119.01.01" Haber="0.00" Debe="67.19">
            <PLZ:CompNal UUID_CFDI="c8db30f1-ed01-42b5-983c-cbb663cd4af3" RFC="MIR950607337" MontoTotal="67.19"></PLZ:CompNal>
          </PLZ:Transaccion>
        <PLZ:Transaccion Concepto="Gastos de construcción - PISO SG RECT SILVERSTONE 60X120 1RA &#34;REBAJADO-JMR&#34; 1.44 MT X CJA CESANTONI" DesCta="Gastos generales de construcción                               " NumCta="601.80.01" Haber="0.00" Debe="419.96">
            <PLZ:CompNal UUID_CFDI="c8db30f1-ed01-42b5-983c-cbb663cd4af3" RFC="MIR950607337" MontoTotal="419.96"></PLZ:CompNal>
          </PLZ:Transaccion>
    </PLZ:Poliza>
    <PLZ:Poliza Fecha="2024-02-29" Concepto="Gastos de construcción" NumUnIdenPol="cons/2024/02/0049">
        <PLZ:Transaccion Concepto="Gastos de construcción" DesCta="Proveedores nacionales" NumCta="201.01.01" Haber="3832.41" Debe="0.00">
            <PLZ:CompNal UUID_CFDI="7fbf337a-7031-48de-b54b-f5ed6af3a869" RFC="IPE910308739" MontoTotal="-3832.41"></PLZ:CompNal>
          </PLZ:Transaccion>
        <PLZ:Transaccion Concepto="Gastos de construcción - 16%" DesCta="IVA pendiente de pago" NumCta="119.01.01" Haber="0.00" Debe="528.61">
            <PLZ:CompNal UUID_CFDI="7fbf337a-7031-48de-b54b-f5ed6af3a869" RFC="IPE910308739" MontoTotal="528.61"></PLZ:CompNal>
          </PLZ:Transaccion>
        <PLZ:Transaccion Concepto="Gastos de construcción - Plaka LT (12.7mm x 1.22m x 2.44m)" DesCta="Gastos generales de construcción                               " NumCta="601.80.01" Haber="0.00" Debe="1999.80">
            <PLZ:CompNal UUID_CFDI="7fbf337a-7031-48de-b54b-f5ed6af3a869" RFC="IPE910308739" MontoTotal="1999.80"></PLZ:CompNal>
          </PLZ:Transaccion>
        <PLZ:Transaccion Concepto="Gastos de construcción - RD+Mix Básico Caja 22 kg" DesCta="Gastos generales de construcción                               " NumCta="601.80.01" Haber="0.00" Debe="1133.00">
            <PLZ:CompNal UUID_CFDI="7fbf337a-7031-48de-b54b-f5ed6af3a869" RFC="IPE910308739" MontoTotal="1133.00"></PLZ:CompNal>
          </PLZ:Transaccion>
        <PLZ:Transaccion Concepto="Gastos de construcción - Ángulo Metálico 26 (1&#34; x 1&#34; x 3.05m)" DesCta="Gastos generales de construcción                               " NumCta="601.80.01" Haber="0.00" Debe="171.00">
            <PLZ:CompNal UUID_CFDI="7fbf337a-7031-48de-b54b-f5ed6af3a869" RFC="IPE910308739" MontoTotal="171.00"></PLZ:CompNal>
          </PLZ:Transaccion>
    </PLZ:Poliza>
    <PLZ:Poliza Fecha="2024-02-29" Concepto="Gastos de construcción" NumUnIdenPol="cons/2024/02/0057">
        <PLZ:Transaccion Concepto="Gastos de construcción" DesCta="Proveedores nacionales" NumCta="201.01.01" Haber="408.37" Debe="0.00">
            <PLZ:CompNal UUID_CFDI="73ab044c-3d1e-49de-bee2-8df23d157780" RFC="NCZ910320TG8" MontoTotal="-408.37"></PLZ:CompNal>
          </PLZ:Transaccion>
        <PLZ:Transaccion Concepto="Gastos de construcción - 16%" DesCta="IVA pendiente de pago" NumCta="119.01.01" Haber="0.00" Debe="56.33">
            <PLZ:CompNal UUID_CFDI="73ab044c-3d1e-49de-bee2-8df23d157780" RFC="NCZ910320TG8" MontoTotal="56.33"></PLZ:CompNal>
          </PLZ:Transaccion>
        <PLZ:Transaccion Concepto="Gastos de construcción - HUDSON SILVER 18X60.6 PRIMERA CJA 1.64" DesCta="Gastos generales de construcción                               " NumCta="601.80.01" Haber="0.00" Debe="352.04">
            <PLZ:CompNal UUID_CFDI="73ab044c-3d1e-49de-bee2-8df23d157780" RFC="NCZ910320TG8" MontoTotal="352.04"></PLZ:CompNal>
          </PLZ:Transaccion>
    </PLZ:Poliza>
    <PLZ:Poliza Fecha="2024-02-29" Concepto="Gastos de construcción" NumUnIdenPol="cons/2024/02/0050">
        <PLZ:Transaccion Concepto="Gastos de construcción" DesCta="Proveedores nacionales" NumCta="201.01.01" Haber="1097.48" Debe="0.00">
            <PLZ:CompNal UUID_CFDI="9ed2ca53-5d24-4674-b3aa-7aad53d99c3a" RFC="IPE910308739" MontoTotal="-1097.48"></PLZ:CompNal>
          </PLZ:Transaccion>
        <PLZ:Transaccion Concepto="Gastos de construcción - 16%" DesCta="IVA pendiente de pago" NumCta="119.01.01" Haber="0.00" Debe="151.38">
            <PLZ:CompNal UUID_CFDI="9ed2ca53-5d24-4674-b3aa-7aad53d99c3a" RFC="IPE910308739" MontoTotal="151.38"></PLZ:CompNal>
          </PLZ:Transaccion>
        <PLZ:Transaccion Concepto="Gastos de construcción - Cemento Gris MAGNO 50 Kg" DesCta="Gastos generales de construcción                               " NumCta="601.80.01" Haber="0.00" Debe="946.10">
            <PLZ:CompNal UUID_CFDI="9ed2ca53-5d24-4674-b3aa-7aad53d99c3a" RFC="IPE910308739" MontoTotal="946.10"></PLZ:CompNal>
          </PLZ:Transaccion>
    </PLZ:Poliza>
    <PLZ:Poliza Fecha="2024-02-29" Concepto="Gastos de construcción" NumUnIdenPol="cons/2024/02/0029">
        <PLZ:Transaccion Concepto="Gastos de construcción" DesCta="Proveedores nacionales" NumCta="201.01.01" Haber="1320.06" Debe="0.00">
            <PLZ:CompNal UUID_CFDI="AC2365C4-811D-42AA-8EA2-7EE16721E47C" RFC="MAAH720713IN0" MontoTotal="-1320.06"></PLZ:CompNal>
          </PLZ:Transaccion>
        <PLZ:Transaccion Concepto="Gastos de construcción - 16%" DesCta="IVA pendiente de pago" NumCta="119.01.01" Haber="0.00" Debe="182.08">
            <PLZ:CompNal UUID_CFDI="AC2365C4-811D-42AA-8EA2-7EE16721E47C" RFC="MAAH720713IN0" MontoTotal="182.08"></PLZ:CompNal>
          </PLZ:Transaccion>
        <PLZ:Transaccion Concepto="Gastos de construcción - POSTE DE METAL 6.10" DesCta="Gastos generales de construcción                               " NumCta="601.80.01" Haber="0.00" Debe="1137.98">
            <PLZ:CompNal UUID_CFDI="AC2365C4-811D-42AA-8EA2-7EE16721E47C" RFC="MAAH720713IN0" MontoTotal="1137.98"></PLZ:CompNal>
          </PLZ:Transaccion>
    </PLZ:Poliza>
    <PLZ:Poliza Fecha="2024-02-29" Concepto="Gastos de construcción" NumUnIdenPol="cons/2024/02/0059">
        <PLZ:Transaccion Concepto="Gastos de construcción" DesCta="Proveedores nacionales" NumCta="201.01.01" Haber="602.85" Debe="0.00">
            <PLZ:CompNal UUID_CFDI="225cb1a2-5433-4f20-993f-6ab43b901539" RFC="NCZ910320TG8" MontoTotal="-602.85"></PLZ:CompNal>
          </PLZ:Transaccion>
        <PLZ:Transaccion Concepto="Gastos de construcción - 16%" DesCta="IVA pendiente de pago" NumCta="119.01.01" Haber="0.00" Debe="83.15">
            <PLZ:CompNal UUID_CFDI="225cb1a2-5433-4f20-993f-6ab43b901539" RFC="NCZ910320TG8" MontoTotal="83.15"></PLZ:CompNal>
          </PLZ:Transaccion>
        <PLZ:Transaccion Concepto="Gastos de construcción - ADHESIVO GRIS (20 KG)" DesCta="Gastos generales de construcción                               " NumCta="601.80.01" Haber="0.00" Debe="519.70">
            <PLZ:CompNal UUID_CFDI="225cb1a2-5433-4f20-993f-6ab43b901539" RFC="NCZ910320TG8" MontoTotal="519.70"></PLZ:CompNal>
          </PLZ:Transaccion>
    </PLZ:Poliza>
    <PLZ:Poliza Fecha="2024-02-29" Concepto="Gastos de construcción" NumUnIdenPol="cons/2024/02/0021">
        <PLZ:Transaccion Concepto="Gastos de construcción" DesCta="Proveedores nacionales" NumCta="201.01.01" Haber="258.01" Debe="0.00">
            <PLZ:CompNal UUID_CFDI="85375C25-5632-431C-AC7E-32BC4E7A2E11" RFC="SAGP791210HNA" MontoTotal="-258.01"></PLZ:CompNal>
          </PLZ:Transaccion>
        <PLZ:Transaccion Concepto="Gastos de construcción - 16%" DesCta="IVA pendiente de pago" NumCta="119.01.01" Haber="0.00" Debe="35.59">
            <PLZ:CompNal UUID_CFDI="85375C25-5632-431C-AC7E-32BC4E7A2E11" RFC="SAGP791210HNA" MontoTotal="35.59"></PLZ:CompNal>
          </PLZ:Transaccion>
        <PLZ:Transaccion Concepto="Gastos de construcción - BRAZO Y CHAPETON PARA TECHO" DesCta="Gastos generales de construcción                               " NumCta="601.80.01" Haber="0.00" Debe="222.42">
            <PLZ:CompNal UUID_CFDI="85375C25-5632-431C-AC7E-32BC4E7A2E11" RFC="SAGP791210HNA" MontoTotal="222.42"></PLZ:CompNal>
          </PLZ:Transaccion>
    </PLZ:Poliza>
    <PLZ:Poliza Fecha="2024-02-29" Concepto="Gastos de construcción" NumUnIdenPol="cons/2024/02/0058">
        <PLZ:Transaccion Concepto="Gastos de construcción" DesCta="Proveedores nacionales" NumCta="201.01.01" Haber="280.00" Debe="0.00">
            <PLZ:CompNal UUID_CFDI="e8995515-adec-4c0e-b0b4-ebf663f51738" RFC="NCZ910320TG8" MontoTotal="-280.00"></PLZ:CompNal>
          </PLZ:Transaccion>
        <PLZ:Transaccion Concepto="Gastos de construcción - 16%" DesCta="IVA pendiente de pago" NumCta="119.01.01" Haber="0.00" Debe="38.62">
            <PLZ:CompNal UUID_CFDI="e8995515-adec-4c0e-b0b4-ebf663f51738" RFC="NCZ910320TG8" MontoTotal="38.62"></PLZ:CompNal>
          </PLZ:Transaccion>
        <PLZ:Transaccion Concepto="Gastos de construcción - JUNTEADOR UNIVERSAL SIN ARENA CAOBA (5 KG)" DesCta="Gastos generales de construcción                               " NumCta="601.80.01" Haber="0.00" Debe="241.38">
            <PLZ:CompNal UUID_CFDI="e8995515-adec-4c0e-b0b4-ebf663f51738" RFC="NCZ910320TG8" MontoTotal="241.38"></PLZ:CompNal>
          </PLZ:Transaccion>
    </PLZ:Poliza>
    <PLZ:Poliza Fecha="2024-02-29" Concepto="Gastos de construcción" NumUnIdenPol="cons/2024/02/0020">
        <PLZ:Transaccion Concepto="Gastos de construcción" DesCta="Proveedores nacionales" NumCta="201.01.01" Haber="1965.03" Debe="0.00">
            <PLZ:CompNal UUID_CFDI="31C37FD0-B77B-4488-85EA-4ABB043074E8" RFC="MCL980713JY1" MontoTotal="-1965.03"></PLZ:CompNal>
          </PLZ:Transaccion>
        <PLZ:Transaccion Concepto="Gastos de construcción - 16%" DesCta="IVA pendiente de pago" NumCta="119.01.01" Haber="0.00" Debe="271.04">
            <PLZ:CompNal UUID_CFDI="31C37FD0-B77B-4488-85EA-4ABB043074E8" RFC="MCL980713JY1" MontoTotal="271.04"></PLZ:CompNal>
          </PLZ:Transaccion>
        <PLZ:Transaccion Concepto="Gastos de construcción - CAL SACO" DesCta="Gastos generales de construcción                               " NumCta="601.80.01" Haber="0.00" Debe="853.49">
            <PLZ:CompNal UUID_CFDI="31C37FD0-B77B-4488-85EA-4ABB043074E8" RFC="MCL980713JY1" MontoTotal="853.49"></PLZ:CompNal>
          </PLZ:Transaccion>
        <PLZ:Transaccion Concepto="Gastos de construcción - CEMENTO SACO" DesCta="Gastos generales de construcción                               " NumCta="601.80.01" Haber="0.00" Debe="840.50">
            <PLZ:CompNal UUID_CFDI="31C37FD0-B77B-4488-85EA-4ABB043074E8" RFC="MCL980713JY1" MontoTotal="840.50"></PLZ:CompNal>
          </PLZ:Transaccion>
    </PLZ:Poliza>
    <PLZ:Poliza Fecha="2024-02-29" Concepto="Gastos de construcción" NumUnIdenPol="cons/2024/02/0030">
        <PLZ:Transaccion Concepto="Gastos de construcción" DesCta="Proveedores nacionales" NumCta="201.01.01" Haber="200.03" Debe="0.00">
            <PLZ:CompNal UUID_CFDI="5654FB7F-2A9F-4E46-AACF-275C6170CEEF" RFC="MAAH720713IN0" MontoTotal="-200.03"></PLZ:CompNal>
          </PLZ:Transaccion>
        <PLZ:Transaccion Concepto="Gastos de construcción - 16%" DesCta="IVA pendiente de pago" NumCta="119.01.01" Haber="0.00" Debe="27.59">
            <PLZ:CompNal UUID_CFDI="5654FB7F-2A9F-4E46-AACF-275C6170CEEF" RFC="MAAH720713IN0" MontoTotal="27.59"></PLZ:CompNal>
          </PLZ:Transaccion>
        <PLZ:Transaccion Concepto="Gastos de construcción - CANAL METAL TABLAROCA" DesCta="Gastos generales de construcción                               " NumCta="601.80.01" Haber="0.00" Debe="172.44">
            <PLZ:CompNal UUID_CFDI="5654FB7F-2A9F-4E46-AACF-275C6170CEEF" RFC="MAAH720713IN0" MontoTotal="172.44"></PLZ:CompNal>
          </PLZ:Transaccion>
    </PLZ:Poliza>
    <PLZ:Poliza Fecha="2024-02-29" Concepto="Gastos de construcción" NumUnIdenPol="cons/2024/02/0060">
        <PLZ:Transaccion Concepto="Gastos de construcción" DesCta="Proveedores nacionales" NumCta="201.01.01" Haber="1205.70" Debe="0.00">
            <PLZ:CompNal UUID_CFDI="e4e0b923-c690-40f3-beb8-8ac43d47d44f" RFC="NCZ910320TG8" MontoTotal="-1205.70"></PLZ:CompNal>
          </PLZ:Transaccion>
        <PLZ:Transaccion Concepto="Gastos de construcción - 16%" DesCta="IVA pendiente de pago" NumCta="119.01.01" Haber="0.00" Debe="166.30">
            <PLZ:CompNal UUID_CFDI="e4e0b923-c690-40f3-beb8-8ac43d47d44f" RFC="NCZ910320TG8" MontoTotal="166.30"></PLZ:CompNal>
          </PLZ:Transaccion>
        <PLZ:Transaccion Concepto="Gastos de construcción - ADHESIVO GRIS (20 KG)" DesCta="Gastos generales de construcción                               " NumCta="601.80.01" Haber="0.00" Debe="1039.40">
            <PLZ:CompNal UUID_CFDI="e4e0b923-c690-40f3-beb8-8ac43d47d44f" RFC="NCZ910320TG8" MontoTotal="1039.40"></PLZ:CompNal>
          </PLZ:Transaccion>
    </PLZ:Poliza>
    <PLZ:Poliza Fecha="2024-02-29" Concepto="Gastos de construcción" NumUnIdenPol="cons/2024/02/0053">
        <PLZ:Transaccion Concepto="Gastos de construcción" DesCta="Proveedores nacionales" NumCta="201.01.01" Haber="5745.89" Debe="0.00">
            <PLZ:CompNal UUID_CFDI="5c11ec90-4884-429f-9829-e06cd657bec3" RFC="IPE910308739" MontoTotal="-5745.89"></PLZ:CompNal>
          </PLZ:Transaccion>
        <PLZ:Transaccion Concepto="Gastos de construcción - 16%" DesCta="IVA pendiente de pago" NumCta="119.01.01" Haber="0.00" Debe="792.54">
            <PLZ:CompNal UUID_CFDI="5c11ec90-4884-429f-9829-e06cd657bec3" RFC="IPE910308739" MontoTotal="792.54"></PLZ:CompNal>
          </PLZ:Transaccion>
        <PLZ:Transaccion Concepto="Gastos de construcción - Cal de Construcción" DesCta="Gastos generales de construcción                               " NumCta="601.80.01" Haber="0.00" Debe="1168.95">
            <PLZ:CompNal UUID_CFDI="5c11ec90-4884-429f-9829-e06cd657bec3" RFC="IPE910308739" MontoTotal="1168.95"></PLZ:CompNal>
          </PLZ:Transaccion>
        <PLZ:Transaccion Concepto="Gastos de construcción - Cemento Gris MAGNO 50 Kg" DesCta="Gastos generales de construcción                               " NumCta="601.80.01" Haber="0.00" Debe="3784.40">
            <PLZ:CompNal UUID_CFDI="5c11ec90-4884-429f-9829-e06cd657bec3" RFC="IPE910308739" MontoTotal="3784.40"></PLZ:CompNal>
          </PLZ:Transaccion>
    </PLZ:Poliza>
    <PLZ:Poliza Fecha="2024-02-29" Concepto="Gastos de construcción" NumUnIdenPol="cons/2024/02/0031">
        <PLZ:Transaccion Concepto="Gastos de construcción" DesCta="Proveedores nacionales" NumCta="201.01.01" Haber="5756.98" Debe="0.00">
            <PLZ:CompNal UUID_CFDI="89697195-0E8D-4267-8818-E48B45D16706" RFC="MAAH720713IN0" MontoTotal="-5756.98"></PLZ:CompNal>
          </PLZ:Transaccion>
        <PLZ:Transaccion Concepto="Gastos de construcción - 16%" DesCta="IVA pendiente de pago" NumCta="119.01.01" Haber="0.00" Debe="794.07">
            <PLZ:CompNal UUID_CFDI="89697195-0E8D-4267-8818-E48B45D16706" RFC="MAAH720713IN0" MontoTotal="794.07"></PLZ:CompNal>
          </PLZ:Transaccion>
        <PLZ:Transaccion Concepto="Gastos de construcción - CANAL DE METAL" DesCta="Gastos generales de construcción                               " NumCta="601.80.01" Haber="0.00" Debe="827.40">
            <PLZ:CompNal UUID_CFDI="89697195-0E8D-4267-8818-E48B45D16706" RFC="MAAH720713IN0" MontoTotal="827.40"></PLZ:CompNal>
          </PLZ:Transaccion>
        <PLZ:Transaccion Concepto="Gastos de construcción - CINTA PAPEL TBR" DesCta="Gastos generales de construcción                               " NumCta="601.80.01" Haber="0.00" Debe="172.41">
            <PLZ:CompNal UUID_CFDI="89697195-0E8D-4267-8818-E48B45D16706" RFC="MAAH720713IN0" MontoTotal="172.41"></PLZ:CompNal>
          </PLZ:Transaccion>
        <PLZ:Transaccion Concepto="Gastos de construcción - PASTA TBR" DesCta="Gastos generales de construcción                               " NumCta="601.80.01" Haber="0.00" Debe="1293.10">
            <PLZ:CompNal UUID_CFDI="89697195-0E8D-4267-8818-E48B45D16706" RFC="MAAH720713IN0" MontoTotal="1293.10"></PLZ:CompNal>
          </PLZ:Transaccion>
        <PLZ:Transaccion Concepto="Gastos de construcción - PIJAFLAMER" DesCta="Gastos generales de construcción                               " NumCta="601.80.01" Haber="0.00" Debe="170.00">
            <PLZ:CompNal UUID_CFDI="89697195-0E8D-4267-8818-E48B45D16706" RFC="MAAH720713IN0" MontoTotal="170.00"></PLZ:CompNal>
          </PLZ:Transaccion>
        <PLZ:Transaccion Concepto="Gastos de construcción - POSTE4.10" DesCta="Gastos generales de construcción                               " NumCta="601.80.01" Haber="0.00" Debe="1500.00">
            <PLZ:CompNal UUID_CFDI="89697195-0E8D-4267-8818-E48B45D16706" RFC="MAAH720713IN0" MontoTotal="1500.00"></PLZ:CompNal>
          </PLZ:Transaccion>
        <PLZ:Transaccion Concepto="Gastos de construcción - pija varios" DesCta="Gastos generales de construcción                               " NumCta="601.80.01" Haber="0.00" Debe="1000.00">
            <PLZ:CompNal UUID_CFDI="89697195-0E8D-4267-8818-E48B45D16706" RFC="MAAH720713IN0" MontoTotal="1000.00"></PLZ:CompNal>
          </PLZ:Transaccion>
    </PLZ:Poliza>
    <PLZ:Poliza Fecha="2024-02-29" Concepto="Gastos de construcción" NumUnIdenPol="cons/2024/02/0052">
        <PLZ:Transaccion Concepto="Gastos de construcción" DesCta="Proveedores nacionales" NumCta="201.01.01" Haber="4507.99" Debe="0.00">
            <PLZ:CompNal UUID_CFDI="a754119a-ff0e-446b-a818-895fb54708e7" RFC="IPE910308739" MontoTotal="-4507.99"></PLZ:CompNal>
          </PLZ:Transaccion>
        <PLZ:Transaccion Concepto="Gastos de construcción - 16%" DesCta="IVA pendiente de pago" NumCta="119.01.01" Haber="0.00" Debe="621.79">
            <PLZ:CompNal UUID_CFDI="a754119a-ff0e-446b-a818-895fb54708e7" RFC="IPE910308739" MontoTotal="621.79"></PLZ:CompNal>
          </PLZ:Transaccion>
        <PLZ:Transaccion Concepto="Gastos de construcción - Plaka LT (12.7mm x 1.22m x 2.44m)" DesCta="Gastos generales de construcción                               " NumCta="601.80.01" Haber="0.00" Debe="3886.20">
            <PLZ:CompNal UUID_CFDI="a754119a-ff0e-446b-a818-895fb54708e7" RFC="IPE910308739" MontoTotal="3886.20"></PLZ:CompNal>
          </PLZ:Transaccion>
    </PLZ:Poliza>
    <PLZ:Poliza Fecha="2024-02-29" Concepto="Gastos de construcción" NumUnIdenPol="cons/2024/02/0040">
        <PLZ:Transaccion Concepto="Gastos de construcción" DesCta="Proveedores nacionales" NumCta="201.01.01" Haber="4068.93" Debe="0.00">
            <PLZ:CompNal UUID_CFDI="060c4d69-3d6e-4d1d-8363-067a9d7fa082" RFC="MIR950607337" MontoTotal="-4068.93"></PLZ:CompNal>
          </PLZ:Transaccion>
        <PLZ:Transaccion Concepto="Gastos de construcción - 16%" DesCta="IVA pendiente de pago" NumCta="119.01.01" Haber="0.00" Debe="561.23">
            <PLZ:CompNal UUID_CFDI="060c4d69-3d6e-4d1d-8363-067a9d7fa082" RFC="MIR950607337" MontoTotal="561.23"></PLZ:CompNal>
          </PLZ:Transaccion>
        <PLZ:Transaccion Concepto="Gastos de construcción - DUELA PORCEL RECT BLENDWOOD CANELA 20X120 1RA &#34;REBAJADA-JMR&#34; 1.68 MT X CJA CESANTONI" DesCta="Gastos generales de construcción                               " NumCta="601.80.01" Haber="0.00" Debe="3507.70">
            <PLZ:CompNal UUID_CFDI="060c4d69-3d6e-4d1d-8363-067a9d7fa082" RFC="MIR950607337" MontoTotal="3507.70"></PLZ:CompNal>
          </PLZ:Transaccion>
    </PLZ:Poliza>
    <PLZ:Poliza Fecha="2024-02-29" Concepto="Gastos de construcción" NumUnIdenPol="cons/2024/02/0032">
        <PLZ:Transaccion Concepto="Gastos de construcción" DesCta="Proveedores nacionales" NumCta="201.01.01" Haber="1591.98" Debe="0.00">
            <PLZ:CompNal UUID_CFDI="AEC09AEE-0176-4FEC-AB2B-AD394756F1F3" RFC="MAAH720713IN0" MontoTotal="-1591.98"></PLZ:CompNal>
          </PLZ:Transaccion>
        <PLZ:Transaccion Concepto="Gastos de construcción - 16%" DesCta="IVA pendiente de pago" NumCta="119.01.01" Haber="0.00" Debe="219.58">
            <PLZ:CompNal UUID_CFDI="AEC09AEE-0176-4FEC-AB2B-AD394756F1F3" RFC="MAAH720713IN0" MontoTotal="219.58"></PLZ:CompNal>
          </PLZ:Transaccion>
        <PLZ:Transaccion Concepto="Gastos de construcción - PIJAFLAMER" DesCta="Gastos generales de construcción                               " NumCta="601.80.01" Haber="0.00" Debe="172.40">
            <PLZ:CompNal UUID_CFDI="AEC09AEE-0176-4FEC-AB2B-AD394756F1F3" RFC="MAAH720713IN0" MontoTotal="172.40"></PLZ:CompNal>
          </PLZ:Transaccion>
        <PLZ:Transaccion Concepto="Gastos de construcción - POSTE4.10" DesCta="Gastos generales de construcción                               " NumCta="601.80.01" Haber="0.00" Debe="1200.00">
            <PLZ:CompNal UUID_CFDI="AEC09AEE-0176-4FEC-AB2B-AD394756F1F3" RFC="MAAH720713IN0" MontoTotal="1200.00"></PLZ:CompNal>
          </PLZ:Transaccion>
    </PLZ:Poliza>
    <PLZ:Poliza Fecha="2024-02-29" Concepto="Gastos de construcción" NumUnIdenPol="cons/2024/02/0033">
        <PLZ:Transaccion Concepto="Gastos de construcción" DesCta="Proveedores nacionales" NumCta="201.01.01" Haber="3760.02" Debe="0.00">
            <PLZ:CompNal UUID_CFDI="A8A1E5DE-AD33-4D09-900A-6019C830A1A0" RFC="MAAH720713IN0" MontoTotal="-3760.02"></PLZ:CompNal>
          </PLZ:Transaccion>
        <PLZ:Transaccion Concepto="Gastos de construcción - 16%" DesCta="IVA pendiente de pago" NumCta="119.01.01" Haber="0.00" Debe="518.62">
            <PLZ:CompNal UUID_CFDI="A8A1E5DE-AD33-4D09-900A-6019C830A1A0" RFC="MAAH720713IN0" MontoTotal="518.62"></PLZ:CompNal>
          </PLZ:Transaccion>
        <PLZ:Transaccion Concepto="Gastos de construcción - CANAL DE METAL" DesCta="Gastos generales de construcción                               " NumCta="601.80.01" Haber="0.00" Debe="1241.40">
            <PLZ:CompNal UUID_CFDI="A8A1E5DE-AD33-4D09-900A-6019C830A1A0" RFC="MAAH720713IN0" MontoTotal="1241.40"></PLZ:CompNal>
          </PLZ:Transaccion>
        <PLZ:Transaccion Concepto="Gastos de construcción - POSTE4.10" DesCta="Gastos generales de construcción                               " NumCta="601.80.01" Haber="0.00" Debe="2000.00">
            <PLZ:CompNal UUID_CFDI="A8A1E5DE-AD33-4D09-900A-6019C830A1A0" RFC="MAAH720713IN0" MontoTotal="2000.00"></PLZ:CompNal>
          </PLZ:Transaccion>
    </PLZ:Poliza>
    <PLZ:Poliza Fecha="2024-02-29" Concepto="Gastos de construcción" NumUnIdenPol="cons/2024/02/0022">
        <PLZ:Transaccion Concepto="Gastos de construcción" DesCta="Proveedores nacionales" NumCta="201.01.01" Haber="1175.02" Debe="0.00">
            <PLZ:CompNal UUID_CFDI="E79E4921-92AB-42B9-8C94-71E687EA8B42" RFC="SAGP791210HNA" MontoTotal="-1175.02"></PLZ:CompNal>
          </PLZ:Transaccion>
        <PLZ:Transaccion Concepto="Gastos de construcción - 16%" DesCta="IVA pendiente de pago" NumCta="119.01.01" Haber="0.00" Debe="162.07">
            <PLZ:CompNal UUID_CFDI="E79E4921-92AB-42B9-8C94-71E687EA8B42" RFC="SAGP791210HNA" MontoTotal="162.07"></PLZ:CompNal>
          </PLZ:Transaccion>
        <PLZ:Transaccion Concepto="Gastos de construcción - BRAZO Y CHAPETON DE REPUESTO DE REGADERA" DesCta="Gastos generales de construcción                               " NumCta="601.80.01" Haber="0.00" Debe="1012.95">
            <PLZ:CompNal UUID_CFDI="E79E4921-92AB-42B9-8C94-71E687EA8B42" RFC="SAGP791210HNA" MontoTotal="1012.95"></PLZ:CompNal>
          </PLZ:Transaccion>
    </PLZ:Poliza>
    <PLZ:Poliza Fecha="2024-02-29" Concepto="Gastos de construcción" NumUnIdenPol="cons/2024/02/0054">
        <PLZ:Transaccion Concepto="Gastos de construcción" DesCta="Proveedores nacionales" NumCta="201.01.01" Haber="2422.24" Debe="0.00">
            <PLZ:CompNal UUID_CFDI="2216829d-d1e6-46f4-85aa-0d1044130183" RFC="IPE910308739" MontoTotal="-2422.24"></PLZ:CompNal>
          </PLZ:Transaccion>
        <PLZ:Transaccion Concepto="Gastos de construcción - 16%" DesCta="IVA pendiente de pago" NumCta="119.01.01" Haber="0.00" Debe="334.10">
            <PLZ:CompNal UUID_CFDI="2216829d-d1e6-46f4-85aa-0d1044130183" RFC="IPE910308739" MontoTotal="334.10"></PLZ:CompNal>
          </PLZ:Transaccion>
        <PLZ:Transaccion Concepto="Gastos de construcción - COT. Texturizado Premium Blanco 20 kg" DesCta="Gastos generales de construcción                               " NumCta="601.80.01" Haber="0.00" Debe="212.50">
            <PLZ:CompNal UUID_CFDI="2216829d-d1e6-46f4-85aa-0d1044130183" RFC="IPE910308739" MontoTotal="212.50"></PLZ:CompNal>
          </PLZ:Transaccion>
        <PLZ:Transaccion Concepto="Gastos de construcción - Cemento Gris MAGNO 50 Kg" DesCta="Gastos generales de construcción                               " NumCta="601.80.01" Haber="0.00" Debe="946.10">
            <PLZ:CompNal UUID_CFDI="2216829d-d1e6-46f4-85aa-0d1044130183" RFC="IPE910308739" MontoTotal="946.10"></PLZ:CompNal>
          </PLZ:Transaccion>
        <PLZ:Transaccion Concepto="Gastos de construcción - Varilla Corrugada 3 /8&#34; (150)" DesCta="Gastos generales de construcción                               " NumCta="601.80.01" Haber="0.00" Debe="929.54">
            <PLZ:CompNal UUID_CFDI="2216829d-d1e6-46f4-85aa-0d1044130183" RFC="IPE910308739" MontoTotal="929.54"></PLZ:CompNal>
          </PLZ:Transaccion>
    </PLZ:Poliza>
    <PLZ:Poliza Fecha="2024-02-29" Concepto="Gastos de construcción" NumUnIdenPol="cons/2024/02/0041">
        <PLZ:Transaccion Concepto="Gastos de construcción" DesCta="Proveedores nacionales" NumCta="201.01.01" Haber="1743.83" Debe="0.00">
            <PLZ:CompNal UUID_CFDI="ba892adf-5a1b-418c-91b7-7a70db996a8f" RFC="MIR950607337" MontoTotal="-1743.83"></PLZ:CompNal>
          </PLZ:Transaccion>
        <PLZ:Transaccion Concepto="Gastos de construcción - 16%" DesCta="IVA pendiente de pago" NumCta="119.01.01" Haber="0.00" Debe="240.53">
            <PLZ:CompNal UUID_CFDI="ba892adf-5a1b-418c-91b7-7a70db996a8f" RFC="MIR950607337" MontoTotal="240.53"></PLZ:CompNal>
          </PLZ:Transaccion>
        <PLZ:Transaccion Concepto="Gastos de construcción - DUELA PORCEL RECT BLENDWOOD CANELA 20X120 1RA &#34;REBAJADA-JMR&#34; 1.68 MT X CJA CESANTONI" DesCta="Gastos generales de construcción                               " NumCta="601.80.01" Haber="0.00" Debe="1503.30">
            <PLZ:CompNal UUID_CFDI="ba892adf-5a1b-418c-91b7-7a70db996a8f" RFC="MIR950607337" MontoTotal="1503.30"></PLZ:CompNal>
          </PLZ:Transaccion>
    </PLZ:Poliza>
    <PLZ:Poliza Fecha="2024-02-29" Concepto="Gastos de construcción" NumUnIdenPol="cons/2024/02/0055">
        <PLZ:Transaccion Concepto="Gastos de construcción" DesCta="Proveedores nacionales" NumCta="201.01.01" Haber="4389.90" Debe="0.00">
            <PLZ:CompNal UUID_CFDI="3f71e096-7f67-468a-8597-148cdc1d759f" RFC="IPE910308739" MontoTotal="-4389.90"></PLZ:CompNal>
          </PLZ:Transaccion>
        <PLZ:Transaccion Concepto="Gastos de construcción - 16%" DesCta="IVA pendiente de pago" NumCta="119.01.01" Haber="0.00" Debe="605.50">
            <PLZ:CompNal UUID_CFDI="3f71e096-7f67-468a-8597-148cdc1d759f" RFC="IPE910308739" MontoTotal="605.50"></PLZ:CompNal>
          </PLZ:Transaccion>
        <PLZ:Transaccion Concepto="Gastos de construcción - Cemento Gris MAGNO 50 Kg" DesCta="Gastos generales de construcción                               " NumCta="601.80.01" Haber="0.00" Debe="3784.40">
            <PLZ:CompNal UUID_CFDI="3f71e096-7f67-468a-8597-148cdc1d759f" RFC="IPE910308739" MontoTotal="3784.40"></PLZ:CompNal>
          </PLZ:Transaccion>
    </PLZ:Poliza>
    <PLZ:Poliza Fecha="2024-02-29" Concepto="Gastos de construcción" NumUnIdenPol="cons/2024/02/0024">
        <PLZ:Transaccion Concepto="Gastos de construcción" DesCta="Proveedores nacionales" NumCta="201.01.01" Haber="1597.96" Debe="0.00">
            <PLZ:CompNal UUID_CFDI="E15BB1A6-6C5E-4908-AEB5-08ADB7D330CF" RFC="SAPM640729280" MontoTotal="-1597.96"></PLZ:CompNal>
          </PLZ:Transaccion>
        <PLZ:Transaccion Concepto="Gastos de construcción - 16%" DesCta="IVA pendiente de pago" NumCta="119.01.01" Haber="0.00" Debe="220.41">
            <PLZ:CompNal UUID_CFDI="E15BB1A6-6C5E-4908-AEB5-08ADB7D330CF" RFC="SAPM640729280" MontoTotal="220.41"></PLZ:CompNal>
          </PLZ:Transaccion>
        <PLZ:Transaccion Concepto="Gastos de construcción - Broca para concreto de 5/8 x 12&#39;, Truper" DesCta="Gastos generales de construcción                               " NumCta="601.80.01" Haber="0.00" Debe="80.85">
            <PLZ:CompNal UUID_CFDI="E15BB1A6-6C5E-4908-AEB5-08ADB7D330CF" RFC="SAPM640729280" MontoTotal="80.85"></PLZ:CompNal>
          </PLZ:Transaccion>
        <PLZ:Transaccion Concepto="Gastos de construcción - JUEGO 5/8 PZ" DesCta="Gastos generales de construcción                               " NumCta="601.80.01" Haber="0.00" Debe="180.20">
            <PLZ:CompNal UUID_CFDI="E15BB1A6-6C5E-4908-AEB5-08ADB7D330CF" RFC="SAPM640729280" MontoTotal="180.20"></PLZ:CompNal>
          </PLZ:Transaccion>
        <PLZ:Transaccion Concepto="Gastos de construcción - VARILLA ROSCADA. °5 NC 5/8" DesCta="Gastos generales de construcción                               " NumCta="601.80.01" Haber="0.00" Debe="1116.50">
            <PLZ:CompNal UUID_CFDI="E15BB1A6-6C5E-4908-AEB5-08ADB7D330CF" RFC="SAPM640729280" MontoTotal="1116.50"></PLZ:CompNal>
          </PLZ:Transaccion>
    </PLZ:Poliza>
    <PLZ:Poliza Fecha="2024-02-29" Concepto="Gastos de construcción" NumUnIdenPol="cons/2024/02/0025">
        <PLZ:Transaccion Concepto="Gastos de construcción" DesCta="Proveedores nacionales" NumCta="201.01.01" Haber="151.73" Debe="0.00">
            <PLZ:CompNal UUID_CFDI="B1FAE4B8-A34F-4418-AB22-0EBABEF05D18" RFC="SAPM640729280" MontoTotal="-151.73"></PLZ:CompNal>
          </PLZ:Transaccion>
        <PLZ:Transaccion Concepto="Gastos de construcción - 16%" DesCta="IVA pendiente de pago" NumCta="119.01.01" Haber="0.00" Debe="20.93">
            <PLZ:CompNal UUID_CFDI="B1FAE4B8-A34F-4418-AB22-0EBABEF05D18" RFC="SAPM640729280" MontoTotal="20.93"></PLZ:CompNal>
          </PLZ:Transaccion>
        <PLZ:Transaccion Concepto="Gastos de construcción - Broca SDS Plus 5/8 x 12&#39;, Truper" DesCta="Gastos generales de construcción                               " NumCta="601.80.01" Haber="0.00" Debe="130.80">
            <PLZ:CompNal UUID_CFDI="B1FAE4B8-A34F-4418-AB22-0EBABEF05D18" RFC="SAPM640729280" MontoTotal="130.80"></PLZ:CompNal>
          </PLZ:Transaccion>
    </PLZ:Poliza>
    <PLZ:Poliza Fecha="2024-02-29" Concepto="Gastos de construcción" NumUnIdenPol="cons/2024/02/0034">
        <PLZ:Transaccion Concepto="Gastos de construcción" DesCta="Proveedores nacionales" NumCta="201.01.01" Haber="4440.17" Debe="0.00">
            <PLZ:CompNal UUID_CFDI="8E20A7B5-2FCD-422C-9300-C4575AD4B1AC" RFC="MAAH720713IN0" MontoTotal="-4440.17"></PLZ:CompNal>
          </PLZ:Transaccion>
        <PLZ:Transaccion Concepto="Gastos de construcción - 16%" DesCta="IVA pendiente de pago" NumCta="119.01.01" Haber="0.00" Debe="612.44">
            <PLZ:CompNal UUID_CFDI="8E20A7B5-2FCD-422C-9300-C4575AD4B1AC" RFC="MAAH720713IN0" MontoTotal="612.44"></PLZ:CompNal>
          </PLZ:Transaccion>
        <PLZ:Transaccion Concepto="Gastos de construcción - CANAL METAL TABLAROCA" DesCta="Gastos generales de construcción                               " NumCta="601.80.01" Haber="0.00" Debe="1086.12">
            <PLZ:CompNal UUID_CFDI="8E20A7B5-2FCD-422C-9300-C4575AD4B1AC" RFC="MAAH720713IN0" MontoTotal="1086.12"></PLZ:CompNal>
          </PLZ:Transaccion>
        <PLZ:Transaccion Concepto="Gastos de construcción - PASTA TBR" DesCta="Gastos generales de construcción                               " NumCta="601.80.01" Haber="0.00" Debe="1017.36">
            <PLZ:CompNal UUID_CFDI="8E20A7B5-2FCD-422C-9300-C4575AD4B1AC" RFC="MAAH720713IN0" MontoTotal="1017.36"></PLZ:CompNal>
          </PLZ:Transaccion>
        <PLZ:Transaccion Concepto="Gastos de construcción - POSTE DE METAL 6.10" DesCta="Gastos generales de construcción                               " NumCta="601.80.01" Haber="0.00" Debe="1724.25">
            <PLZ:CompNal UUID_CFDI="8E20A7B5-2FCD-422C-9300-C4575AD4B1AC" RFC="MAAH720713IN0" MontoTotal="1724.25"></PLZ:CompNal>
          </PLZ:Transaccion>
    </PLZ:Poliza>
    <PLZ:Poliza Fecha="2024-02-29" Concepto="Gastos de construcción" NumUnIdenPol="cons/2024/02/0014">
        <PLZ:Transaccion Concepto="Gastos de construcción" DesCta="Proveedores nacionales" NumCta="201.01.01" Haber="5120.00" Debe="0.00">
            <PLZ:CompNal UUID_CFDI="91158854-94CB-5409-8816-CE17F4BCB6BF" RFC="GUAA701231KI3" MontoTotal="-5120.00"></PLZ:CompNal>
          </PLZ:Transaccion>
        <PLZ:Transaccion Concepto="Gastos de construcción - 16%" DesCta="IVA pendiente de pago" NumCta="119.01.01" Haber="0.00" Debe="706.21">
            <PLZ:CompNal UUID_CFDI="91158854-94CB-5409-8816-CE17F4BCB6BF" RFC="GUAA701231KI3" MontoTotal="706.21"></PLZ:CompNal>
          </PLZ:Transaccion>
        <PLZ:Transaccion Concepto="Gastos de construcción - VIGA 5&#34;" DesCta="Gastos generales de construcción                               " NumCta="601.80.01" Haber="0.00" Debe="2877.56">
            <PLZ:CompNal UUID_CFDI="91158854-94CB-5409-8816-CE17F4BCB6BF" RFC="GUAA701231KI3" MontoTotal="2877.56"></PLZ:CompNal>
          </PLZ:Transaccion>
        <PLZ:Transaccion Concepto="Gastos de construcción - VIGA 6&#34;" DesCta="Gastos generales de construcción                               " NumCta="601.80.01" Haber="0.00" Debe="1536.23">
            <PLZ:CompNal UUID_CFDI="91158854-94CB-5409-8816-CE17F4BCB6BF" RFC="GUAA701231KI3" MontoTotal="1536.23"></PLZ:CompNal>
          </PLZ:Transaccion>
    </PLZ:Poliza>
    <PLZ:Poliza Fecha="2024-02-29" Concepto="Gastos de construcción" NumUnIdenPol="cons/2024/02/0007">
        <PLZ:Transaccion Concepto="Gastos de construcción" DesCta="Proveedores nacionales" NumCta="201.01.01" Haber="3865.00" Debe="0.00">
            <PLZ:CompNal UUID_CFDI="AAA19B72-8ED8-4A63-B418-06846F385677" RFC="PIFT610711BP4" MontoTotal="-3865.00"></PLZ:CompNal>
          </PLZ:Transaccion>
        <PLZ:Transaccion Concepto="Gastos de construcción - 16%" DesCta="IVA pendiente de pago" NumCta="119.01.01" Haber="0.00" Debe="533.10">
            <PLZ:CompNal UUID_CFDI="AAA19B72-8ED8-4A63-B418-06846F385677" RFC="PIFT610711BP4" MontoTotal="533.10"></PLZ:CompNal>
          </PLZ:Transaccion>
        <PLZ:Transaccion Concepto="Gastos de construcción - PINZAS 24 10 VARILLAS 3/8 ALAMBRE AMARRADORES ARCO SEGUETA 3 BOTAS 2 SEGUETAS PICO 2 GUANTES." DesCta="Gastos generales de construcción                               " NumCta="601.80.01" Haber="0.00" Debe="3331.90">
            <PLZ:CompNal UUID_CFDI="AAA19B72-8ED8-4A63-B418-06846F385677" RFC="PIFT610711BP4" MontoTotal="3331.90"></PLZ:CompNal>
          </PLZ:Transaccion>
    </PLZ:Poliza>
    <PLZ:Poliza Fecha="2024-02-29" Concepto="Gastos de construcción" NumUnIdenPol="cons/2024/02/0056">
        <PLZ:Transaccion Concepto="Gastos de construcción" DesCta="Proveedores nacionales" NumCta="201.01.01" Haber="4389.90" Debe="0.00">
            <PLZ:CompNal UUID_CFDI="be6a6eb4-af22-476a-8448-b293ebb94265" RFC="IPE910308739" MontoTotal="-4389.90"></PLZ:CompNal>
          </PLZ:Transaccion>
        <PLZ:Transaccion Concepto="Gastos de construcción - 16%" DesCta="IVA pendiente de pago" NumCta="119.01.01" Haber="0.00" Debe="605.50">
            <PLZ:CompNal UUID_CFDI="be6a6eb4-af22-476a-8448-b293ebb94265" RFC="IPE910308739" MontoTotal="605.50"></PLZ:CompNal>
          </PLZ:Transaccion>
        <PLZ:Transaccion Concepto="Gastos de construcción - Cemento Gris MAGNO 50 Kg" DesCta="Gastos generales de construcción                               " NumCta="601.80.01" Haber="0.00" Debe="3784.40">
            <PLZ:CompNal UUID_CFDI="be6a6eb4-af22-476a-8448-b293ebb94265" RFC="IPE910308739" MontoTotal="3784.40"></PLZ:CompNal>
          </PLZ:Transaccion>
    </PLZ:Poliza>
    <PLZ:Poliza Fecha="2024-02-29" Concepto="Gastos de construcción" NumUnIdenPol="cons/2024/02/0008">
        <PLZ:Transaccion Concepto="Gastos de construcción" DesCta="Proveedores nacionales" NumCta="201.01.01" Haber="3300.01" Debe="0.00">
            <PLZ:CompNal UUID_CFDI="7DA982E7-2203-49AE-AA4C-D7F08DE72A3B" RFC="VIHC690808JM8" MontoTotal="-3300.01"></PLZ:CompNal>
          </PLZ:Transaccion>
        <PLZ:Transaccion Concepto="Gastos de construcción - 16%" DesCta="IVA pendiente de pago" NumCta="119.01.01" Haber="0.00" Debe="455.17">
            <PLZ:CompNal UUID_CFDI="7DA982E7-2203-49AE-AA4C-D7F08DE72A3B" RFC="VIHC690808JM8" MontoTotal="455.17"></PLZ:CompNal>
          </PLZ:Transaccion>
        <PLZ:Transaccion Concepto="Gastos de construcción - ANCLAJE QUIMICO" DesCta="Gastos generales de construcción                               " NumCta="601.80.01" Haber="0.00" Debe="2844.84">
            <PLZ:CompNal UUID_CFDI="7DA982E7-2203-49AE-AA4C-D7F08DE72A3B" RFC="VIHC690808JM8" MontoTotal="2844.84"></PLZ:CompNal>
          </PLZ:Transaccion>
    </PLZ:Poliza>
    <PLZ:Poliza Fecha="2024-02-29" Concepto="Gastos de construcción" NumUnIdenPol="cons/2024/02/0035">
        <PLZ:Transaccion Concepto="Gastos de construcción" DesCta="Proveedores nacionales" NumCta="201.01.01" Haber="1864.02" Debe="0.00">
            <PLZ:CompNal UUID_CFDI="E6506B2D-D169-4222-A6ED-D3F0F162E920" RFC="MAAH720713IN0" MontoTotal="-1864.02"></PLZ:CompNal>
          </PLZ:Transaccion>
        <PLZ:Transaccion Concepto="Gastos de construcción - 16%" DesCta="IVA pendiente de pago" NumCta="119.01.01" Haber="0.00" Debe="257.11">
            <PLZ:CompNal UUID_CFDI="E6506B2D-D169-4222-A6ED-D3F0F162E920" RFC="MAAH720713IN0" MontoTotal="257.11"></PLZ:CompNal>
          </PLZ:Transaccion>
        <PLZ:Transaccion Concepto="Gastos de construcción - CANAL DE METAL" DesCta="Gastos generales de construcción                               " NumCta="601.80.01" Haber="0.00" Debe="175.86">
            <PLZ:CompNal UUID_CFDI="E6506B2D-D169-4222-A6ED-D3F0F162E920" RFC="MAAH720713IN0" MontoTotal="175.86"></PLZ:CompNal>
          </PLZ:Transaccion>
        <PLZ:Transaccion Concepto="Gastos de construcción - POSTE4.10" DesCta="Gastos generales de construcción                               " NumCta="601.80.01" Haber="0.00" Debe="181.05">
            <PLZ:CompNal UUID_CFDI="E6506B2D-D169-4222-A6ED-D3F0F162E920" RFC="MAAH720713IN0" MontoTotal="181.05"></PLZ:CompNal>
          </PLZ:Transaccion>
        <PLZ:Transaccion Concepto="Gastos de construcción - durok" DesCta="Gastos generales de construcción                               " NumCta="601.80.01" Haber="0.00" Debe="1250.00">
            <PLZ:CompNal UUID_CFDI="E6506B2D-D169-4222-A6ED-D3F0F162E920" RFC="MAAH720713IN0" MontoTotal="1250.00"></PLZ:CompNal>
          </PLZ:Transaccion>
    </PLZ:Poliza>
    <PLZ:Poliza Fecha="2024-02-29" Concepto="Gastos de construcción" NumUnIdenPol="cons/2024/02/0005">
        <PLZ:Transaccion Concepto="Gastos de construcción" DesCta="Proveedores nacionales" NumCta="201.01.01" Haber="749.36" Debe="0.00">
            <PLZ:CompNal UUID_CFDI="2A11EEF6-0CDC-4F63-B10F-B079F2D49831" RFC="BMN930209927" MontoTotal="-749.36"></PLZ:CompNal>
          </PLZ:Transaccion>
        <PLZ:Transaccion Concepto="Gastos de construcción - 16%" DesCta="IVA pendiente de pago" NumCta="119.01.01" Haber="0.00" Debe="103.36">
            <PLZ:CompNal UUID_CFDI="2A11EEF6-0CDC-4F63-B10F-B079F2D49831" RFC="BMN930209927" MontoTotal="103.36"></PLZ:CompNal>
          </PLZ:Transaccion>
        <PLZ:Transaccion Concepto="Gastos de construcción - SERVICIOS BANCARIOS" DesCta="Comisiones bancarias                                 " NumCta="701.10.01" Haber="0.00" Debe="646.00">
            <PLZ:CompNal UUID_CFDI="2A11EEF6-0CDC-4F63-B10F-B079F2D49831" RFC="BMN930209927" MontoTotal="646.00"></PLZ:CompNal>
          </PLZ:Transaccion>
    </PLZ:Poliza>
    <PLZ:Poliza Fecha="2024-02-29" Concepto="Pago efectivo" NumUnIdenPol="CBMX/2024/02/0001">
        <PLZ:Transaccion Concepto="Pago efectivo - 16%" DesCta="IVA pendiente de pago" NumCta="119.01.01" Haber="662.07" Debe="0.00">
          </PLZ:Transaccion>
        <PLZ:Transaccion Concepto="Pago efectivo - 16%" DesCta="IVA acreditable pagado" NumCta="118.01.01" Haber="0.00" Debe="662.07">
          </PLZ:Transaccion>
        <PLZ:Transaccion Concepto="Pago efectivo - cons/2024/02/0012" DesCta="Base Imponible de Impuestos en Base a Flujo de Efectivo" NumCta="899.01.99" Haber="4137.93" Debe="0.00">
          </PLZ:Transaccion>
        <PLZ:Transaccion Concepto="Pago efectivo - cons/2024/02/0012" DesCta="Base Imponible de Impuestos en Base a Flujo de Efectivo" NumCta="899.01.99" Haber="0.00" Debe="4137.93">
          </PLZ:Transaccion>
    </PLZ:Poliza>
    <PLZ:Poliza Fecha="2024-02-29" Concepto="Pago efectivo" NumUnIdenPol="CBMX/2024/02/0002">
        <PLZ:Transaccion Concepto="Pago efectivo - 16%" DesCta="IVA pendiente de pago" NumCta="119.01.01" Haber="1202.76" Debe="0.00">
          </PLZ:Transaccion>
        <PLZ:Transaccion Concepto="Pago efectivo - 16%" DesCta="IVA acreditable pagado" NumCta="118.01.01" Haber="0.00" Debe="1202.76">
          </PLZ:Transaccion>
        <PLZ:Transaccion Concepto="Pago efectivo - cons/2024/02/0011" DesCta="Base Imponible de Impuestos en Base a Flujo de Efectivo" NumCta="899.01.99" Haber="7517.24" Debe="0.00">
          </PLZ:Transaccion>
        <PLZ:Transaccion Concepto="Pago efectivo - cons/2024/02/0011" DesCta="Base Imponible de Impuestos en Base a Flujo de Efectivo" NumCta="899.01.99" Haber="0.00" Debe="7517.24">
          </PLZ:Transaccion>
    </PLZ:Poliza>
    <PLZ:Poliza Fecha="2024-02-29" Concepto="Pago efectivo" NumUnIdenPol="CBMX/2024/02/0003">
        <PLZ:Transaccion Concepto="Pago efectivo - 16%" DesCta="IVA pendiente de pago" NumCta="119.01.01" Haber="56.33" Debe="0.00">
          </PLZ:Transaccion>
        <PLZ:Transaccion Concepto="Pago efectivo - 16%" DesCta="IVA acreditable pagado" NumCta="118.01.01" Haber="0.00" Debe="56.33">
          </PLZ:Transaccion>
        <PLZ:Transaccion Concepto="Pago efectivo - cons/2024/02/0057" DesCta="Base Imponible de Impuestos en Base a Flujo de Efectivo" NumCta="899.01.99" Haber="352.03" Debe="0.00">
          </PLZ:Transaccion>
        <PLZ:Transaccion Concepto="Pago efectivo - cons/2024/02/0057" DesCta="Base Imponible de Impuestos en Base a Flujo de Efectivo" NumCta="899.01.99" Haber="0.00" Debe="352.03">
          </PLZ:Transaccion>
    </PLZ:Poliza>
    <PLZ:Poliza Fecha="2024-02-29" Concepto="Pago efectivo" NumUnIdenPol="CBMX/2024/02/0004">
        <PLZ:Transaccion Concepto="Pago efectivo - 16%" DesCta="IVA pendiente de pago" NumCta="119.01.01" Haber="166.30" Debe="0.00">
          </PLZ:Transaccion>
        <PLZ:Transaccion Concepto="Pago efectivo - 16%" DesCta="IVA acreditable pagado" NumCta="118.01.01" Haber="0.00" Debe="166.30">
          </PLZ:Transaccion>
        <PLZ:Transaccion Concepto="Pago efectivo - cons/2024/02/0060" DesCta="Base Imponible de Impuestos en Base a Flujo de Efectivo" NumCta="899.01.99" Haber="1039.40" Debe="0.00">
          </PLZ:Transaccion>
        <PLZ:Transaccion Concepto="Pago efectivo - cons/2024/02/0060" DesCta="Base Imponible de Impuestos en Base a Flujo de Efectivo" NumCta="899.01.99" Haber="0.00" Debe="1039.40">
          </PLZ:Transaccion>
    </PLZ:Poliza>
    <PLZ:Poliza Fecha="2024-02-29" Concepto="Pago efectivo" NumUnIdenPol="CBMX/2024/02/0005">
        <PLZ:Transaccion Concepto="Pago efectivo - 16%" DesCta="IVA pendiente de pago" NumCta="119.01.01" Haber="889.88" Debe="0.00">
          </PLZ:Transaccion>
        <PLZ:Transaccion Concepto="Pago efectivo - 16%" DesCta="IVA acreditable pagado" NumCta="118.01.01" Haber="0.00" Debe="889.88">
          </PLZ:Transaccion>
        <PLZ:Transaccion Concepto="Pago efectivo - cons/2024/02/0061" DesCta="Base Imponible de Impuestos en Base a Flujo de Efectivo" NumCta="899.01.99" Haber="5561.71" Debe="0.00">
          </PLZ:Transaccion>
        <PLZ:Transaccion Concepto="Pago efectivo - cons/2024/02/0061" DesCta="Base Imponible de Impuestos en Base a Flujo de Efectivo" NumCta="899.01.99" Haber="0.00" Debe="5561.71">
          </PLZ:Transaccion>
    </PLZ:Poliza>
    <PLZ:Poliza Fecha="2024-02-29" Concepto="Pago efectivo" NumUnIdenPol="CBMX/2024/02/0006">
        <PLZ:Transaccion Concepto="Pago efectivo - 16%" DesCta="IVA pendiente de pago" NumCta="119.01.01" Haber="1129.38" Debe="0.00">
          </PLZ:Transaccion>
        <PLZ:Transaccion Concepto="Pago efectivo - 16%" DesCta="IVA acreditable pagado" NumCta="118.01.01" Haber="0.00" Debe="1129.38">
          </PLZ:Transaccion>
        <PLZ:Transaccion Concepto="Pago efectivo - cons/2024/02/0013" DesCta="Base Imponible de Impuestos en Base a Flujo de Efectivo" NumCta="899.01.99" Haber="7058.63" Debe="0.00">
          </PLZ:Transaccion>
        <PLZ:Transaccion Concepto="Pago efectivo - cons/2024/02/0013" DesCta="Base Imponible de Impuestos en Base a Flujo de Efectivo" NumCta="899.01.99" Haber="0.00" Debe="7058.63">
          </PLZ:Transaccion>
    </PLZ:Poliza>
    <PLZ:Poliza Fecha="2024-02-29" Concepto="Pago efectivo" NumUnIdenPol="CBMX/2024/02/0007">
        <PLZ:Transaccion Concepto="Pago efectivo - 16%" DesCta="IVA pendiente de pago" NumCta="119.01.01" Haber="706.21" Debe="0.00">
          </PLZ:Transaccion>
        <PLZ:Transaccion Concepto="Pago efectivo - 16%" DesCta="IVA acreditable pagado" NumCta="118.01.01" Haber="0.00" Debe="706.21">
          </PLZ:Transaccion>
        <PLZ:Transaccion Concepto="Pago efectivo - cons/2024/02/0014" DesCta="Base Imponible de Impuestos en Base a Flujo de Efectivo" NumCta="899.01.99" Haber="4413.79" Debe="0.00">
          </PLZ:Transaccion>
        <PLZ:Transaccion Concepto="Pago efectivo - cons/2024/02/0014" DesCta="Base Imponible de Impuestos en Base a Flujo de Efectivo" NumCta="899.01.99" Haber="0.00" Debe="4413.79">
          </PLZ:Transaccion>
    </PLZ:Poliza>
    <PLZ:Poliza Fecha="2024-02-29" Concepto="Banco 5136" NumUnIdenPol="BNK1/2024/00118">
        <PLZ:Transaccion Concepto="Banco 5136 - INDUST PEGADURO RFC:IPE 910308739" DesCta="Banorte 5136" NumCta="102.01.07" Haber="4390.00" Debe="0.00">
          </PLZ:Transaccion>
        <PLZ:Transaccion Concepto="Banco 5136 - INDUST PEGADURO RFC:IPE 910308739" DesCta="Gastos no deducibles (sin requisitos fiscales)                             " NumCta="601.83.01" Haber="0.00" Debe="0.10">
          </PLZ:Transaccion>
        <PLZ:Transaccion Concepto="Banco 5136 - cons/2024/02/0055" DesCta="Proveedores nacionales" NumCta="201.01.01" Haber="0.00" Debe="4389.90">
          </PLZ:Transaccion>
    </PLZ:Poliza>
    <PLZ:Poliza Fecha="2024-02-29" Concepto="Pago efectivo" NumUnIdenPol="CBMX/2024/02/0008">
        <PLZ:Transaccion Concepto="Pago efectivo - 16%" DesCta="IVA pendiente de pago" NumCta="119.01.01" Haber="605.50" Debe="0.00">
          </PLZ:Transaccion>
        <PLZ:Transaccion Concepto="Pago efectivo - 16%" DesCta="IVA acreditable pagado" NumCta="118.01.01" Haber="0.00" Debe="605.50">
          </PLZ:Transaccion>
        <PLZ:Transaccion Concepto="Pago efectivo - cons/2024/02/0055" DesCta="Base Imponible de Impuestos en Base a Flujo de Efectivo" NumCta="899.01.99" Haber="3784.40" Debe="0.00">
          </PLZ:Transaccion>
        <PLZ:Transaccion Concepto="Pago efectivo - cons/2024/02/0055" DesCta="Base Imponible de Impuestos en Base a Flujo de Efectivo" NumCta="899.01.99" Haber="0.00" Debe="3784.40">
          </PLZ:Transaccion>
    </PLZ:Poliza>
    <PLZ:Poliza Fecha="2024-02-29" Concepto="Pago efectivo" NumUnIdenPol="CBMX/2024/02/0009">
        <PLZ:Transaccion Concepto="Pago efectivo - 16%" DesCta="IVA pendiente de pago" NumCta="119.01.01" Haber="793.45" Debe="0.00">
          </PLZ:Transaccion>
        <PLZ:Transaccion Concepto="Pago efectivo - 16%" DesCta="IVA acreditable pagado" NumCta="118.01.01" Haber="0.00" Debe="793.45">
          </PLZ:Transaccion>
        <PLZ:Transaccion Concepto="Pago efectivo - cons/2024/02/0046" DesCta="Base Imponible de Impuestos en Base a Flujo de Efectivo" NumCta="899.01.99" Haber="4959.05" Debe="0.00">
          </PLZ:Transaccion>
        <PLZ:Transaccion Concepto="Pago efectivo - cons/2024/02/0046" DesCta="Base Imponible de Impuestos en Base a Flujo de Efectivo" NumCta="899.01.99" Haber="0.00" Debe="4959.05">
          </PLZ:Transaccion>
    </PLZ:Poliza>
    <PLZ:Poliza Fecha="2024-02-29" Concepto="Pago efectivo" NumUnIdenPol="CBMX/2024/02/0010">
        <PLZ:Transaccion Concepto="Pago efectivo - 16%" DesCta="IVA pendiente de pago" NumCta="119.01.01" Haber="427.44" Debe="0.00">
          </PLZ:Transaccion>
        <PLZ:Transaccion Concepto="Pago efectivo - 16%" DesCta="IVA acreditable pagado" NumCta="118.01.01" Haber="0.00" Debe="427.44">
          </PLZ:Transaccion>
        <PLZ:Transaccion Concepto="Pago efectivo - cons/2024/02/0048" DesCta="Base Imponible de Impuestos en Base a Flujo de Efectivo" NumCta="899.01.99" Haber="2671.50" Debe="0.00">
          </PLZ:Transaccion>
        <PLZ:Transaccion Concepto="Pago efectivo - cons/2024/02/0048" DesCta="Base Imponible de Impuestos en Base a Flujo de Efectivo" NumCta="899.01.99" Haber="0.00" Debe="2671.50">
          </PLZ:Transaccion>
    </PLZ:Poliza>
    <PLZ:Poliza Fecha="2024-02-29" Concepto="Pago efectivo" NumUnIdenPol="CBMX/2024/02/0011">
        <PLZ:Transaccion Concepto="Pago efectivo - 16%" DesCta="IVA pendiente de pago" NumCta="119.01.01" Haber="1223.58" Debe="0.00">
          </PLZ:Transaccion>
        <PLZ:Transaccion Concepto="Pago efectivo - 16%" DesCta="IVA acreditable pagado" NumCta="118.01.01" Haber="0.00" Debe="1223.58">
          </PLZ:Transaccion>
        <PLZ:Transaccion Concepto="Pago efectivo - cons/2024/02/0051" DesCta="Base Imponible de Impuestos en Base a Flujo de Efectivo" NumCta="899.01.99" Haber="7647.36" Debe="0.00">
          </PLZ:Transaccion>
        <PLZ:Transaccion Concepto="Pago efectivo - cons/2024/02/0051" DesCta="Base Imponible de Impuestos en Base a Flujo de Efectivo" NumCta="899.01.99" Haber="0.00" Debe="7647.36">
          </PLZ:Transaccion>
    </PLZ:Poliza>
    <PLZ:Poliza Fecha="2024-02-29" Concepto="Pago efectivo" NumUnIdenPol="CBMX/2024/02/0012">
        <PLZ:Transaccion Concepto="Pago efectivo - 16%" DesCta="IVA pendiente de pago" NumCta="119.01.01" Haber="151.38" Debe="0.00">
          </PLZ:Transaccion>
        <PLZ:Transaccion Concepto="Pago efectivo - 16%" DesCta="IVA acreditable pagado" NumCta="118.01.01" Haber="0.00" Debe="151.38">
          </PLZ:Transaccion>
        <PLZ:Transaccion Concepto="Pago efectivo - cons/2024/02/0050" DesCta="Base Imponible de Impuestos en Base a Flujo de Efectivo" NumCta="899.01.99" Haber="946.10" Debe="0.00">
          </PLZ:Transaccion>
        <PLZ:Transaccion Concepto="Pago efectivo - cons/2024/02/0050" DesCta="Base Imponible de Impuestos en Base a Flujo de Efectivo" NumCta="899.01.99" Haber="0.00" Debe="946.10">
          </PLZ:Transaccion>
    </PLZ:Poliza>
    <PLZ:Poliza Fecha="2024-02-29" Concepto="Pago efectivo" NumUnIdenPol="CBMX/2024/02/0013">
        <PLZ:Transaccion Concepto="Pago efectivo - 16%" DesCta="IVA pendiente de pago" NumCta="119.01.01" Haber="528.59" Debe="0.00">
          </PLZ:Transaccion>
        <PLZ:Transaccion Concepto="Pago efectivo - 16%" DesCta="IVA acreditable pagado" NumCta="118.01.01" Haber="0.00" Debe="528.59">
          </PLZ:Transaccion>
        <PLZ:Transaccion Concepto="Pago efectivo - cons/2024/02/0049" DesCta="Base Imponible de Impuestos en Base a Flujo de Efectivo" NumCta="899.01.99" Haber="3303.69" Debe="0.00">
          </PLZ:Transaccion>
        <PLZ:Transaccion Concepto="Pago efectivo - cons/2024/02/0049" DesCta="Base Imponible de Impuestos en Base a Flujo de Efectivo" NumCta="899.01.99" Haber="0.00" Debe="3303.69">
          </PLZ:Transaccion>
    </PLZ:Poliza>
    <PLZ:Poliza Fecha="2024-02-29" Concepto="Pago efectivo" NumUnIdenPol="CBMX/2024/02/0014">
        <PLZ:Transaccion Concepto="Pago efectivo - 16%" DesCta="IVA pendiente de pago" NumCta="119.01.01" Haber="932.64" Debe="0.00">
          </PLZ:Transaccion>
        <PLZ:Transaccion Concepto="Pago efectivo - 16%" DesCta="IVA acreditable pagado" NumCta="118.01.01" Haber="0.00" Debe="932.64">
          </PLZ:Transaccion>
        <PLZ:Transaccion Concepto="Pago efectivo - cons/2024/02/0047" DesCta="Base Imponible de Impuestos en Base a Flujo de Efectivo" NumCta="899.01.99" Haber="5829.00" Debe="0.00">
          </PLZ:Transaccion>
        <PLZ:Transaccion Concepto="Pago efectivo - cons/2024/02/0047" DesCta="Base Imponible de Impuestos en Base a Flujo de Efectivo" NumCta="899.01.99" Haber="0.00" Debe="5829.00">
          </PLZ:Transaccion>
    </PLZ:Poliza>
    <PLZ:Poliza Fecha="2024-02-29" Concepto="Pago efectivo" NumUnIdenPol="CBMX/2024/02/0015">
        <PLZ:Transaccion Concepto="Pago efectivo - 16%" DesCta="IVA pendiente de pago" NumCta="119.01.01" Haber="0.01" Debe="0.00">
          </PLZ:Transaccion>
        <PLZ:Transaccion Concepto="Pago efectivo - 16%" DesCta="IVA acreditable pagado" NumCta="118.01.01" Haber="0.00" Debe="0.01">
          </PLZ:Transaccion>
        <PLZ:Transaccion Concepto="Pago efectivo - cons/2024/02/0049" DesCta="Base Imponible de Impuestos en Base a Flujo de Efectivo" NumCta="899.01.99" Haber="0.05" Debe="0.00">
          </PLZ:Transaccion>
        <PLZ:Transaccion Concepto="Pago efectivo - cons/2024/02/0049" DesCta="Base Imponible de Impuestos en Base a Flujo de Efectivo" NumCta="899.01.99" Haber="0.00" Debe="0.05">
          </PLZ:Transaccion>
    </PLZ:Poliza>
    <PLZ:Poliza Fecha="2024-02-29" Concepto="Pago efectivo" NumUnIdenPol="CBMX/2024/02/0016">
        <PLZ:Transaccion Concepto="Pago efectivo - 16%" DesCta="IVA pendiente de pago" NumCta="119.01.01" Haber="605.50" Debe="0.00">
          </PLZ:Transaccion>
        <PLZ:Transaccion Concepto="Pago efectivo - 16%" DesCta="IVA acreditable pagado" NumCta="118.01.01" Haber="0.00" Debe="605.50">
          </PLZ:Transaccion>
        <PLZ:Transaccion Concepto="Pago efectivo - cons/2024/02/0056" DesCta="Base Imponible de Impuestos en Base a Flujo de Efectivo" NumCta="899.01.99" Haber="3784.40" Debe="0.00">
          </PLZ:Transaccion>
        <PLZ:Transaccion Concepto="Pago efectivo - cons/2024/02/0056" DesCta="Base Imponible de Impuestos en Base a Flujo de Efectivo" NumCta="899.01.99" Haber="0.00" Debe="3784.40">
          </PLZ:Transaccion>
    </PLZ:Poliza>
    <PLZ:Poliza Fecha="2024-02-29" Concepto="Pago efectivo" NumUnIdenPol="CBMX/2024/02/0017">
        <PLZ:Transaccion Concepto="Pago efectivo - 16%" DesCta="IVA pendiente de pago" NumCta="119.01.01" Haber="621.79" Debe="0.00">
          </PLZ:Transaccion>
        <PLZ:Transaccion Concepto="Pago efectivo - 16%" DesCta="IVA acreditable pagado" NumCta="118.01.01" Haber="0.00" Debe="621.79">
          </PLZ:Transaccion>
        <PLZ:Transaccion Concepto="Pago efectivo - cons/2024/02/0052" DesCta="Base Imponible de Impuestos en Base a Flujo de Efectivo" NumCta="899.01.99" Haber="3886.20" Debe="0.00">
          </PLZ:Transaccion>
        <PLZ:Transaccion Concepto="Pago efectivo - cons/2024/02/0052" DesCta="Base Imponible de Impuestos en Base a Flujo de Efectivo" NumCta="899.01.99" Haber="0.00" Debe="3886.20">
          </PLZ:Transaccion>
    </PLZ:Poliza>
    <PLZ:Poliza Fecha="2024-02-29" Concepto="Pago efectivo" NumUnIdenPol="CBMX/2024/02/0018">
        <PLZ:Transaccion Concepto="Pago efectivo - 16%" DesCta="IVA pendiente de pago" NumCta="119.01.01" Haber="0.01" Debe="0.00">
          </PLZ:Transaccion>
        <PLZ:Transaccion Concepto="Pago efectivo - 16%" DesCta="IVA acreditable pagado" NumCta="118.01.01" Haber="0.00" Debe="0.01">
          </PLZ:Transaccion>
        <PLZ:Transaccion Concepto="Pago efectivo - cons/2024/02/0049" DesCta="Base Imponible de Impuestos en Base a Flujo de Efectivo" NumCta="899.01.99" Haber="0.05" Debe="0.00">
          </PLZ:Transaccion>
        <PLZ:Transaccion Concepto="Pago efectivo - cons/2024/02/0049" DesCta="Base Imponible de Impuestos en Base a Flujo de Efectivo" NumCta="899.01.99" Haber="0.00" Debe="0.05">
          </PLZ:Transaccion>
    </PLZ:Poliza>
    <PLZ:Poliza Fecha="2024-02-29" Concepto="Pago efectivo" NumUnIdenPol="CBMX/2024/02/0019">
        <PLZ:Transaccion Concepto="Pago efectivo - Diferencia por redondeo de base de efectivo" DesCta="Base Imponible de Impuestos en Base a Flujo de Efectivo" NumCta="899.01.99" Haber="0.00" Debe="0.01">
          </PLZ:Transaccion>
        <PLZ:Transaccion Concepto="Pago efectivo - Diferencia por redondeo de base de efectivo" DesCta="Base Imponible de Impuestos en Base a Flujo de Efectivo" NumCta="899.01.99" Haber="0.01" Debe="0.00">
          </PLZ:Transaccion>
    </PLZ:Poliza>
    <PLZ:Poliza Fecha="2024-02-29" Concepto="Pago efectivo" NumUnIdenPol="CBMX/2024/02/0020">
        <PLZ:Transaccion Concepto="Pago efectivo - 16%" DesCta="IVA pendiente de pago" NumCta="119.01.01" Haber="792.54" Debe="0.00">
          </PLZ:Transaccion>
        <PLZ:Transaccion Concepto="Pago efectivo - 16%" DesCta="IVA acreditable pagado" NumCta="118.01.01" Haber="0.00" Debe="792.54">
          </PLZ:Transaccion>
        <PLZ:Transaccion Concepto="Pago efectivo - cons/2024/02/0053" DesCta="Base Imponible de Impuestos en Base a Flujo de Efectivo" NumCta="899.01.99" Haber="4953.35" Debe="0.00">
          </PLZ:Transaccion>
        <PLZ:Transaccion Concepto="Pago efectivo - cons/2024/02/0053" DesCta="Base Imponible de Impuestos en Base a Flujo de Efectivo" NumCta="899.01.99" Haber="0.00" Debe="4953.35">
          </PLZ:Transaccion>
    </PLZ:Poliza>
    <PLZ:Poliza Fecha="2024-02-29" Concepto="Pago efectivo" NumUnIdenPol="CBMX/2024/02/0021">
        <PLZ:Transaccion Concepto="Pago efectivo - 16%" DesCta="IVA pendiente de pago" NumCta="119.01.01" Haber="5001.10" Debe="0.00">
          </PLZ:Transaccion>
        <PLZ:Transaccion Concepto="Pago efectivo - 16%" DesCta="IVA acreditable pagado" NumCta="118.01.01" Haber="0.00" Debe="5001.10">
          </PLZ:Transaccion>
        <PLZ:Transaccion Concepto="Pago efectivo - cons/2024/02/0010" DesCta="Base Imponible de Impuestos en Base a Flujo de Efectivo" NumCta="899.01.99" Haber="31256.90" Debe="0.00">
          </PLZ:Transaccion>
        <PLZ:Transaccion Concepto="Pago efectivo - cons/2024/02/0010" DesCta="Base Imponible de Impuestos en Base a Flujo de Efectivo" NumCta="899.01.99" Haber="0.00" Debe="31256.90">
          </PLZ:Transaccion>
    </PLZ:Poliza>
    <PLZ:Poliza Fecha="2024-02-29" Concepto="Pago efectivo" NumUnIdenPol="CBMX/2024/02/0022">
        <PLZ:Transaccion Concepto="Pago efectivo - 16%" DesCta="IVA pendiente de pago" NumCta="119.01.01" Haber="637.10" Debe="0.00">
          </PLZ:Transaccion>
        <PLZ:Transaccion Concepto="Pago efectivo - 16%" DesCta="IVA acreditable pagado" NumCta="118.01.01" Haber="0.00" Debe="637.10">
          </PLZ:Transaccion>
        <PLZ:Transaccion Concepto="Pago efectivo - cons/2024/02/0037" DesCta="Base Imponible de Impuestos en Base a Flujo de Efectivo" NumCta="899.01.99" Haber="3981.85" Debe="0.00">
          </PLZ:Transaccion>
        <PLZ:Transaccion Concepto="Pago efectivo - cons/2024/02/0037" DesCta="Base Imponible de Impuestos en Base a Flujo de Efectivo" NumCta="899.01.99" Haber="0.00" Debe="3981.85">
          </PLZ:Transaccion>
    </PLZ:Poliza>
    <PLZ:Poliza Fecha="2024-02-29" Concepto="Pago efectivo" NumUnIdenPol="CBMX/2024/02/0023">
        <PLZ:Transaccion Concepto="Pago efectivo - 16%" DesCta="IVA pendiente de pago" NumCta="119.01.01" Haber="111.88" Debe="0.00">
          </PLZ:Transaccion>
        <PLZ:Transaccion Concepto="Pago efectivo - 16%" DesCta="IVA acreditable pagado" NumCta="118.01.01" Haber="0.00" Debe="111.88">
          </PLZ:Transaccion>
        <PLZ:Transaccion Concepto="Pago efectivo - cons/2024/02/0038" DesCta="Base Imponible de Impuestos en Base a Flujo de Efectivo" NumCta="899.01.99" Haber="699.24" Debe="0.00">
          </PLZ:Transaccion>
        <PLZ:Transaccion Concepto="Pago efectivo - cons/2024/02/0038" DesCta="Base Imponible de Impuestos en Base a Flujo de Efectivo" NumCta="899.01.99" Haber="0.00" Debe="699.24">
          </PLZ:Transaccion>
    </PLZ:Poliza>
    <PLZ:Poliza Fecha="2024-02-29" Concepto="Pago efectivo" NumUnIdenPol="CBMX/2024/02/0024">
        <PLZ:Transaccion Concepto="Pago efectivo - 16%" DesCta="IVA pendiente de pago" NumCta="119.01.01" Haber="2068.97" Debe="0.00">
          </PLZ:Transaccion>
        <PLZ:Transaccion Concepto="Pago efectivo - 16%" DesCta="IVA acreditable pagado" NumCta="118.01.01" Haber="0.00" Debe="2068.97">
          </PLZ:Transaccion>
        <PLZ:Transaccion Concepto="Pago efectivo - cons/2024/02/0009" DesCta="Base Imponible de Impuestos en Base a Flujo de Efectivo" NumCta="899.01.99" Haber="12931.03" Debe="0.00">
          </PLZ:Transaccion>
        <PLZ:Transaccion Concepto="Pago efectivo - cons/2024/02/0009" DesCta="Base Imponible de Impuestos en Base a Flujo de Efectivo" NumCta="899.01.99" Haber="0.00" Debe="12931.03">
          </PLZ:Transaccion>
    </PLZ:Poliza>
    <PLZ:Poliza Fecha="2024-02-29" Concepto="Pago efectivo" NumUnIdenPol="CBMX/2024/02/0025">
        <PLZ:Transaccion Concepto="Pago efectivo - 16%" DesCta="IVA pendiente de pago" NumCta="119.01.01" Haber="240.53" Debe="0.00">
          </PLZ:Transaccion>
        <PLZ:Transaccion Concepto="Pago efectivo - 16%" DesCta="IVA acreditable pagado" NumCta="118.01.01" Haber="0.00" Debe="240.53">
          </PLZ:Transaccion>
        <PLZ:Transaccion Concepto="Pago efectivo - cons/2024/02/0041" DesCta="Base Imponible de Impuestos en Base a Flujo de Efectivo" NumCta="899.01.99" Haber="1503.30" Debe="0.00">
          </PLZ:Transaccion>
        <PLZ:Transaccion Concepto="Pago efectivo - cons/2024/02/0041" DesCta="Base Imponible de Impuestos en Base a Flujo de Efectivo" NumCta="899.01.99" Haber="0.00" Debe="1503.30">
          </PLZ:Transaccion>
    </PLZ:Poliza>
    <PLZ:Poliza Fecha="2024-02-29" Concepto="Pago efectivo" NumUnIdenPol="CBMX/2024/02/0026">
        <PLZ:Transaccion Concepto="Pago efectivo - 16%" DesCta="IVA pendiente de pago" NumCta="119.01.01" Haber="561.23" Debe="0.00">
          </PLZ:Transaccion>
        <PLZ:Transaccion Concepto="Pago efectivo - 16%" DesCta="IVA acreditable pagado" NumCta="118.01.01" Haber="0.00" Debe="561.23">
          </PLZ:Transaccion>
        <PLZ:Transaccion Concepto="Pago efectivo - cons/2024/02/0040" DesCta="Base Imponible de Impuestos en Base a Flujo de Efectivo" NumCta="899.01.99" Haber="3507.70" Debe="0.00">
          </PLZ:Transaccion>
        <PLZ:Transaccion Concepto="Pago efectivo - cons/2024/02/0040" DesCta="Base Imponible de Impuestos en Base a Flujo de Efectivo" NumCta="899.01.99" Haber="0.00" Debe="3507.70">
          </PLZ:Transaccion>
    </PLZ:Poliza>
    <PLZ:Poliza Fecha="2024-02-29" Concepto="Pago efectivo" NumUnIdenPol="CBMX/2024/02/0029">
        <PLZ:Transaccion Concepto="Pago efectivo - 16%" DesCta="IVA pendiente de pago" NumCta="119.01.01" Haber="439.17" Debe="0.00">
          </PLZ:Transaccion>
        <PLZ:Transaccion Concepto="Pago efectivo - 16%" DesCta="IVA acreditable pagado" NumCta="118.01.01" Haber="0.00" Debe="439.17">
          </PLZ:Transaccion>
        <PLZ:Transaccion Concepto="Pago efectivo - cons/2024/02/0028" DesCta="Base Imponible de Impuestos en Base a Flujo de Efectivo" NumCta="899.01.99" Haber="2744.83" Debe="0.00">
          </PLZ:Transaccion>
        <PLZ:Transaccion Concepto="Pago efectivo - cons/2024/02/0028" DesCta="Base Imponible de Impuestos en Base a Flujo de Efectivo" NumCta="899.01.99" Haber="0.00" Debe="2744.83">
          </PLZ:Transaccion>
    </PLZ:Poliza>
    <PLZ:Poliza Fecha="2024-02-29" Concepto="Banco 5136" NumUnIdenPol="BNK1/2024/00119">
        <PLZ:Transaccion Concepto="Banco 5136 - MAD MAGALLON RFC:MAAH720713IN0" DesCta="Banorte 5136" NumCta="102.01.07" Haber="1864.00" Debe="0.00">
          </PLZ:Transaccion>
        <PLZ:Transaccion Concepto="Banco 5136 - cons/2024/02/0035" DesCta="Proveedores nacionales" NumCta="201.01.01" Haber="0.00" Debe="1864.00">
          </PLZ:Transaccion>
    </PLZ:Poliza>
    <PLZ:Poliza Fecha="2024-02-29" Concepto="Pago efectivo" NumUnIdenPol="CBMX/2024/02/0030">
        <PLZ:Transaccion Concepto="Pago efectivo - 16%" DesCta="IVA pendiente de pago" NumCta="119.01.01" Haber="257.11" Debe="0.00">
          </PLZ:Transaccion>
        <PLZ:Transaccion Concepto="Pago efectivo - 16%" DesCta="IVA acreditable pagado" NumCta="118.01.01" Haber="0.00" Debe="257.11">
          </PLZ:Transaccion>
        <PLZ:Transaccion Concepto="Pago efectivo - cons/2024/02/0035" DesCta="Base Imponible de Impuestos en Base a Flujo de Efectivo" NumCta="899.01.99" Haber="1606.90" Debe="0.00">
          </PLZ:Transaccion>
        <PLZ:Transaccion Concepto="Pago efectivo - cons/2024/02/0035" DesCta="Base Imponible de Impuestos en Base a Flujo de Efectivo" NumCta="899.01.99" Haber="0.00" Debe="1606.90">
          </PLZ:Transaccion>
    </PLZ:Poliza>
    <PLZ:Poliza Fecha="2024-02-29" Concepto="Pago efectivo" NumUnIdenPol="CBMX/2024/02/0031">
        <PLZ:Transaccion Concepto="Pago efectivo - 16%" DesCta="IVA pendiente de pago" NumCta="119.01.01" Haber="612.42" Debe="0.00">
          </PLZ:Transaccion>
        <PLZ:Transaccion Concepto="Pago efectivo - 16%" DesCta="IVA acreditable pagado" NumCta="118.01.01" Haber="0.00" Debe="612.42">
          </PLZ:Transaccion>
        <PLZ:Transaccion Concepto="Pago efectivo - cons/2024/02/0034" DesCta="Base Imponible de Impuestos en Base a Flujo de Efectivo" NumCta="899.01.99" Haber="3827.58" Debe="0.00">
          </PLZ:Transaccion>
        <PLZ:Transaccion Concepto="Pago efectivo - cons/2024/02/0034" DesCta="Base Imponible de Impuestos en Base a Flujo de Efectivo" NumCta="899.01.99" Haber="0.00" Debe="3827.58">
          </PLZ:Transaccion>
    </PLZ:Poliza>
    <PLZ:Poliza Fecha="2024-02-29" Concepto="Pago efectivo" NumUnIdenPol="CBMX/2024/02/0032">
        <PLZ:Transaccion Concepto="Pago efectivo - 16%" DesCta="IVA pendiente de pago" NumCta="119.01.01" Haber="518.62" Debe="0.00">
          </PLZ:Transaccion>
        <PLZ:Transaccion Concepto="Pago efectivo - 16%" DesCta="IVA acreditable pagado" NumCta="118.01.01" Haber="0.00" Debe="518.62">
          </PLZ:Transaccion>
        <PLZ:Transaccion Concepto="Pago efectivo - cons/2024/02/0033" DesCta="Base Imponible de Impuestos en Base a Flujo de Efectivo" NumCta="899.01.99" Haber="3241.38" Debe="0.00">
          </PLZ:Transaccion>
        <PLZ:Transaccion Concepto="Pago efectivo - cons/2024/02/0033" DesCta="Base Imponible de Impuestos en Base a Flujo de Efectivo" NumCta="899.01.99" Haber="0.00" Debe="3241.38">
          </PLZ:Transaccion>
    </PLZ:Poliza>
    <PLZ:Poliza Fecha="2024-02-29" Concepto="Pago efectivo" NumUnIdenPol="CBMX/2024/02/0033">
        <PLZ:Transaccion Concepto="Pago efectivo - 16%" DesCta="IVA pendiente de pago" NumCta="119.01.01" Haber="219.58" Debe="0.00">
          </PLZ:Transaccion>
        <PLZ:Transaccion Concepto="Pago efectivo - 16%" DesCta="IVA acreditable pagado" NumCta="118.01.01" Haber="0.00" Debe="219.58">
          </PLZ:Transaccion>
        <PLZ:Transaccion Concepto="Pago efectivo - cons/2024/02/0032" DesCta="Base Imponible de Impuestos en Base a Flujo de Efectivo" NumCta="899.01.99" Haber="1372.40" Debe="0.00">
          </PLZ:Transaccion>
        <PLZ:Transaccion Concepto="Pago efectivo - cons/2024/02/0032" DesCta="Base Imponible de Impuestos en Base a Flujo de Efectivo" NumCta="899.01.99" Haber="0.00" Debe="1372.40">
          </PLZ:Transaccion>
    </PLZ:Poliza>
    <PLZ:Poliza Fecha="2024-02-29" Concepto="Pago efectivo" NumUnIdenPol="CBMX/2024/02/0034">
        <PLZ:Transaccion Concepto="Pago efectivo - 16%" DesCta="IVA pendiente de pago" NumCta="119.01.01" Haber="794.07" Debe="0.00">
          </PLZ:Transaccion>
        <PLZ:Transaccion Concepto="Pago efectivo - 16%" DesCta="IVA acreditable pagado" NumCta="118.01.01" Haber="0.00" Debe="794.07">
          </PLZ:Transaccion>
        <PLZ:Transaccion Concepto="Pago efectivo - cons/2024/02/0031" DesCta="Base Imponible de Impuestos en Base a Flujo de Efectivo" NumCta="899.01.99" Haber="4962.91" Debe="0.00">
          </PLZ:Transaccion>
        <PLZ:Transaccion Concepto="Pago efectivo - cons/2024/02/0031" DesCta="Base Imponible de Impuestos en Base a Flujo de Efectivo" NumCta="899.01.99" Haber="0.00" Debe="4962.91">
          </PLZ:Transaccion>
    </PLZ:Poliza>
    <PLZ:Poliza Fecha="2024-02-29" Concepto="Pago efectivo" NumUnIdenPol="CBMX/2024/02/0035">
        <PLZ:Transaccion Concepto="Pago efectivo - 16%" DesCta="IVA pendiente de pago" NumCta="119.01.01" Haber="27.59" Debe="0.00">
          </PLZ:Transaccion>
        <PLZ:Transaccion Concepto="Pago efectivo - 16%" DesCta="IVA acreditable pagado" NumCta="118.01.01" Haber="0.00" Debe="27.59">
          </PLZ:Transaccion>
        <PLZ:Transaccion Concepto="Pago efectivo - cons/2024/02/0030" DesCta="Base Imponible de Impuestos en Base a Flujo de Efectivo" NumCta="899.01.99" Haber="172.41" Debe="0.00">
          </PLZ:Transaccion>
        <PLZ:Transaccion Concepto="Pago efectivo - cons/2024/02/0030" DesCta="Base Imponible de Impuestos en Base a Flujo de Efectivo" NumCta="899.01.99" Haber="0.00" Debe="172.41">
          </PLZ:Transaccion>
    </PLZ:Poliza>
    <PLZ:Poliza Fecha="2024-02-29" Concepto="Pago efectivo" NumUnIdenPol="CBMX/2024/02/0036">
        <PLZ:Transaccion Concepto="Pago efectivo - 16%" DesCta="IVA pendiente de pago" NumCta="119.01.01" Haber="182.07" Debe="0.00">
          </PLZ:Transaccion>
        <PLZ:Transaccion Concepto="Pago efectivo - 16%" DesCta="IVA acreditable pagado" NumCta="118.01.01" Haber="0.00" Debe="182.07">
          </PLZ:Transaccion>
        <PLZ:Transaccion Concepto="Pago efectivo - cons/2024/02/0029" DesCta="Base Imponible de Impuestos en Base a Flujo de Efectivo" NumCta="899.01.99" Haber="1137.93" Debe="0.00">
          </PLZ:Transaccion>
        <PLZ:Transaccion Concepto="Pago efectivo - cons/2024/02/0029" DesCta="Base Imponible de Impuestos en Base a Flujo de Efectivo" NumCta="899.01.99" Haber="0.00" Debe="1137.93">
          </PLZ:Transaccion>
    </PLZ:Poliza>
    <PLZ:Poliza Fecha="2024-02-29" Concepto="Pago efectivo" NumUnIdenPol="CBMX/2024/02/0037">
        <PLZ:Transaccion Concepto="Pago efectivo - 16%" DesCta="IVA pendiente de pago" NumCta="119.01.01" Haber="533.10" Debe="0.00">
          </PLZ:Transaccion>
        <PLZ:Transaccion Concepto="Pago efectivo - 16%" DesCta="IVA acreditable pagado" NumCta="118.01.01" Haber="0.00" Debe="533.10">
          </PLZ:Transaccion>
        <PLZ:Transaccion Concepto="Pago efectivo - cons/2024/02/0007" DesCta="Base Imponible de Impuestos en Base a Flujo de Efectivo" NumCta="899.01.99" Haber="3331.90" Debe="0.00">
          </PLZ:Transaccion>
        <PLZ:Transaccion Concepto="Pago efectivo - cons/2024/02/0007" DesCta="Base Imponible de Impuestos en Base a Flujo de Efectivo" NumCta="899.01.99" Haber="0.00" Debe="3331.90">
          </PLZ:Transaccion>
    </PLZ:Poliza>
    <PLZ:Poliza Fecha="2024-02-29" Concepto="Pago efectivo" NumUnIdenPol="CBMX/2024/02/0038">
        <PLZ:Transaccion Concepto="Pago efectivo - 16%" DesCta="IVA pendiente de pago" NumCta="119.01.01" Haber="162.07" Debe="0.00">
          </PLZ:Transaccion>
        <PLZ:Transaccion Concepto="Pago efectivo - 16%" DesCta="IVA acreditable pagado" NumCta="118.01.01" Haber="0.00" Debe="162.07">
          </PLZ:Transaccion>
        <PLZ:Transaccion Concepto="Pago efectivo - cons/2024/02/0022" DesCta="Base Imponible de Impuestos en Base a Flujo de Efectivo" NumCta="899.01.99" Haber="1012.95" Debe="0.00">
          </PLZ:Transaccion>
        <PLZ:Transaccion Concepto="Pago efectivo - cons/2024/02/0022" DesCta="Base Imponible de Impuestos en Base a Flujo de Efectivo" NumCta="899.01.99" Haber="0.00" Debe="1012.95">
          </PLZ:Transaccion>
    </PLZ:Poliza>
    <PLZ:Poliza Fecha="2024-02-29" Concepto="Pago efectivo" NumUnIdenPol="CBMX/2024/02/0039">
        <PLZ:Transaccion Concepto="Pago efectivo - 16%" DesCta="IVA pendiente de pago" NumCta="119.01.01" Haber="220.41" Debe="0.00">
          </PLZ:Transaccion>
        <PLZ:Transaccion Concepto="Pago efectivo - 16%" DesCta="IVA acreditable pagado" NumCta="118.01.01" Haber="0.00" Debe="220.41">
          </PLZ:Transaccion>
        <PLZ:Transaccion Concepto="Pago efectivo - cons/2024/02/0024" DesCta="Base Imponible de Impuestos en Base a Flujo de Efectivo" NumCta="899.01.99" Haber="1377.55" Debe="0.00">
          </PLZ:Transaccion>
        <PLZ:Transaccion Concepto="Pago efectivo - cons/2024/02/0024" DesCta="Base Imponible de Impuestos en Base a Flujo de Efectivo" NumCta="899.01.99" Haber="0.00" Debe="1377.55">
          </PLZ:Transaccion>
    </PLZ:Poliza>
    <PLZ:Poliza Fecha="2024-02-29" Concepto="Pago efectivo" NumUnIdenPol="CBMX/2024/02/0040">
        <PLZ:Transaccion Concepto="Pago efectivo - 16%" DesCta="IVA pendiente de pago" NumCta="119.01.01" Haber="20.93" Debe="0.00">
          </PLZ:Transaccion>
        <PLZ:Transaccion Concepto="Pago efectivo - 16%" DesCta="IVA acreditable pagado" NumCta="118.01.01" Haber="0.00" Debe="20.93">
          </PLZ:Transaccion>
        <PLZ:Transaccion Concepto="Pago efectivo - cons/2024/02/0025" DesCta="Base Imponible de Impuestos en Base a Flujo de Efectivo" NumCta="899.01.99" Haber="130.80" Debe="0.00">
          </PLZ:Transaccion>
        <PLZ:Transaccion Concepto="Pago efectivo - cons/2024/02/0025" DesCta="Base Imponible de Impuestos en Base a Flujo de Efectivo" NumCta="899.01.99" Haber="0.00" Debe="130.80">
          </PLZ:Transaccion>
    </PLZ:Poliza>
    <PLZ:Poliza Fecha="2024-02-29" Concepto="Pago efectivo" NumUnIdenPol="CBMX/2024/02/0041">
        <PLZ:Transaccion Concepto="Pago efectivo - 16%" DesCta="IVA pendiente de pago" NumCta="119.01.01" Haber="83.15" Debe="0.00">
          </PLZ:Transaccion>
        <PLZ:Transaccion Concepto="Pago efectivo - 16%" DesCta="IVA acreditable pagado" NumCta="118.01.01" Haber="0.00" Debe="83.15">
          </PLZ:Transaccion>
        <PLZ:Transaccion Concepto="Pago efectivo - cons/2024/02/0059" DesCta="Base Imponible de Impuestos en Base a Flujo de Efectivo" NumCta="899.01.99" Haber="519.70" Debe="0.00">
          </PLZ:Transaccion>
        <PLZ:Transaccion Concepto="Pago efectivo - cons/2024/02/0059" DesCta="Base Imponible de Impuestos en Base a Flujo de Efectivo" NumCta="899.01.99" Haber="0.00" Debe="519.70">
          </PLZ:Transaccion>
    </PLZ:Poliza>
    <PLZ:Poliza Fecha="2024-02-29" Concepto="Pago efectivo" NumUnIdenPol="CBMX/2024/02/0042">
        <PLZ:Transaccion Concepto="Pago efectivo - 16%" DesCta="IVA pendiente de pago" NumCta="119.01.01" Haber="38.62" Debe="0.00">
          </PLZ:Transaccion>
        <PLZ:Transaccion Concepto="Pago efectivo - 16%" DesCta="IVA acreditable pagado" NumCta="118.01.01" Haber="0.00" Debe="38.62">
          </PLZ:Transaccion>
        <PLZ:Transaccion Concepto="Pago efectivo - cons/2024/02/0058" DesCta="Base Imponible de Impuestos en Base a Flujo de Efectivo" NumCta="899.01.99" Haber="241.38" Debe="0.00">
          </PLZ:Transaccion>
        <PLZ:Transaccion Concepto="Pago efectivo - cons/2024/02/0058" DesCta="Base Imponible de Impuestos en Base a Flujo de Efectivo" NumCta="899.01.99" Haber="0.00" Debe="241.38">
          </PLZ:Transaccion>
    </PLZ:Poliza>
    <PLZ:Poliza Fecha="2024-02-29" Concepto="Pago efectivo" NumUnIdenPol="CBMX/2024/02/0043">
        <PLZ:Transaccion Concepto="Pago efectivo - 16%" DesCta="IVA pendiente de pago" NumCta="119.01.01" Haber="1851.17" Debe="0.00">
          </PLZ:Transaccion>
        <PLZ:Transaccion Concepto="Pago efectivo - 16%" DesCta="IVA acreditable pagado" NumCta="118.01.01" Haber="0.00" Debe="1851.17">
          </PLZ:Transaccion>
        <PLZ:Transaccion Concepto="Pago efectivo - cons/2024/02/0015" DesCta="Base Imponible de Impuestos en Base a Flujo de Efectivo" NumCta="899.01.99" Haber="11569.83" Debe="0.00">
          </PLZ:Transaccion>
        <PLZ:Transaccion Concepto="Pago efectivo - cons/2024/02/0015" DesCta="Base Imponible de Impuestos en Base a Flujo de Efectivo" NumCta="899.01.99" Haber="0.00" Debe="11569.83">
          </PLZ:Transaccion>
    </PLZ:Poliza>
    <PLZ:Poliza Fecha="2024-02-29" Concepto="Pago efectivo" NumUnIdenPol="CBMX/2024/02/0044">
        <PLZ:Transaccion Concepto="Pago efectivo - 16%" DesCta="IVA pendiente de pago" NumCta="119.01.01" Haber="455.17" Debe="0.00">
          </PLZ:Transaccion>
        <PLZ:Transaccion Concepto="Pago efectivo - 16%" DesCta="IVA acreditable pagado" NumCta="118.01.01" Haber="0.00" Debe="455.17">
          </PLZ:Transaccion>
        <PLZ:Transaccion Concepto="Pago efectivo - cons/2024/02/0008" DesCta="Base Imponible de Impuestos en Base a Flujo de Efectivo" NumCta="899.01.99" Haber="2844.83" Debe="0.00">
          </PLZ:Transaccion>
        <PLZ:Transaccion Concepto="Pago efectivo - cons/2024/02/0008" DesCta="Base Imponible de Impuestos en Base a Flujo de Efectivo" NumCta="899.01.99" Haber="0.00" Debe="2844.83">
          </PLZ:Transaccion>
    </PLZ:Poliza>
    <PLZ:Poliza Fecha="2024-02-29" Concepto="Pago efectivo" NumUnIdenPol="CBMX/2024/02/0045">
        <PLZ:Transaccion Concepto="Pago efectivo - 16%" DesCta="IVA pendiente de pago" NumCta="119.01.01" Haber="35.59" Debe="0.00">
          </PLZ:Transaccion>
        <PLZ:Transaccion Concepto="Pago efectivo - 16%" DesCta="IVA acreditable pagado" NumCta="118.01.01" Haber="0.00" Debe="35.59">
          </PLZ:Transaccion>
        <PLZ:Transaccion Concepto="Pago efectivo - cons/2024/02/0021" DesCta="Base Imponible de Impuestos en Base a Flujo de Efectivo" NumCta="899.01.99" Haber="222.42" Debe="0.00">
          </PLZ:Transaccion>
        <PLZ:Transaccion Concepto="Pago efectivo - cons/2024/02/0021" DesCta="Base Imponible de Impuestos en Base a Flujo de Efectivo" NumCta="899.01.99" Haber="0.00" Debe="222.42">
          </PLZ:Transaccion>
    </PLZ:Poliza>
    <PLZ:Poliza Fecha="2024-02-29" Concepto="Pago efectivo" NumUnIdenPol="CBMX/2024/02/0046">
        <PLZ:Transaccion Concepto="Pago efectivo - 16%" DesCta="IVA pendiente de pago" NumCta="119.01.01" Haber="1241.38" Debe="0.00">
          </PLZ:Transaccion>
        <PLZ:Transaccion Concepto="Pago efectivo - 16%" DesCta="IVA acreditable pagado" NumCta="118.01.01" Haber="0.00" Debe="1241.38">
          </PLZ:Transaccion>
        <PLZ:Transaccion Concepto="Pago efectivo - cons/2024/02/0006" DesCta="Base Imponible de Impuestos en Base a Flujo de Efectivo" NumCta="899.01.99" Haber="7758.62" Debe="0.00">
          </PLZ:Transaccion>
        <PLZ:Transaccion Concepto="Pago efectivo - cons/2024/02/0006" DesCta="Base Imponible de Impuestos en Base a Flujo de Efectivo" NumCta="899.01.99" Haber="0.00" Debe="7758.62">
          </PLZ:Transaccion>
    </PLZ:Poliza>
    <PLZ:Poliza Fecha="2024-02-29" Concepto="Banco 5136" NumUnIdenPol="BNK1/2024/00121">
        <PLZ:Transaccion Concepto="Banco 5136 - COMISION ORDEN DE PAGO SPEI REFERENCIA: 0290224" DesCta="Banorte 5136" NumCta="102.01.07" Haber="5.00" Debe="0.00">
          </PLZ:Transaccion>
        <PLZ:Transaccion Concepto="Banco 5136 - cons/2024/02/0005" DesCta="Proveedores nacionales" NumCta="201.01.01" Haber="0.00" Debe="5.00">
          </PLZ:Transaccion>
    </PLZ:Poliza>
    <PLZ:Poliza Fecha="2024-02-29" Concepto="Pago efectivo" NumUnIdenPol="CBMX/2024/02/0047">
        <PLZ:Transaccion Concepto="Pago efectivo - 16%" DesCta="IVA pendiente de pago" NumCta="119.01.01" Haber="0.69" Debe="0.00">
          </PLZ:Transaccion>
        <PLZ:Transaccion Concepto="Pago efectivo - 16%" DesCta="IVA acreditable pagado" NumCta="118.01.01" Haber="0.00" Debe="0.69">
          </PLZ:Transaccion>
        <PLZ:Transaccion Concepto="Pago efectivo - cons/2024/02/0005" DesCta="Base Imponible de Impuestos en Base a Flujo de Efectivo" NumCta="899.01.99" Haber="4.31" Debe="0.00">
          </PLZ:Transaccion>
        <PLZ:Transaccion Concepto="Pago efectivo - cons/2024/02/0005" DesCta="Base Imponible de Impuestos en Base a Flujo de Efectivo" NumCta="899.01.99" Haber="0.00" Debe="4.31">
          </PLZ:Transaccion>
    </PLZ:Poliza>
    <PLZ:Poliza Fecha="2024-02-29" Concepto="Banco 5136" NumUnIdenPol="BNK1/2024/00124">
        <PLZ:Transaccion Concepto="Banco 5136 - COMISION ORDEN DE PAGO SPEI REFERENCIA: 0290224" DesCta="Banorte 5136" NumCta="102.01.07" Haber="5.00" Debe="0.00">
          </PLZ:Transaccion>
        <PLZ:Transaccion Concepto="Banco 5136 - cons/2024/02/0005" DesCta="Proveedores nacionales" NumCta="201.01.01" Haber="0.00" Debe="5.00">
          </PLZ:Transaccion>
    </PLZ:Poliza>
    <PLZ:Poliza Fecha="2024-02-29" Concepto="Pago efectivo" NumUnIdenPol="CBMX/2024/02/0048">
        <PLZ:Transaccion Concepto="Pago efectivo - 16%" DesCta="IVA pendiente de pago" NumCta="119.01.01" Haber="0.69" Debe="0.00">
          </PLZ:Transaccion>
        <PLZ:Transaccion Concepto="Pago efectivo - 16%" DesCta="IVA acreditable pagado" NumCta="118.01.01" Haber="0.00" Debe="0.69">
          </PLZ:Transaccion>
        <PLZ:Transaccion Concepto="Pago efectivo - cons/2024/02/0005" DesCta="Base Imponible de Impuestos en Base a Flujo de Efectivo" NumCta="899.01.99" Haber="4.31" Debe="0.00">
          </PLZ:Transaccion>
        <PLZ:Transaccion Concepto="Pago efectivo - cons/2024/02/0005" DesCta="Base Imponible de Impuestos en Base a Flujo de Efectivo" NumCta="899.01.99" Haber="0.00" Debe="4.31">
          </PLZ:Transaccion>
    </PLZ:Poliza>
    <PLZ:Poliza Fecha="2024-02-29" Concepto="Banco 5136" NumUnIdenPol="BNK1/2024/00127">
        <PLZ:Transaccion Concepto="Banco 5136 - COMISION ORDEN DE PAGO SPEI REFERENCIA: 0290224" DesCta="Banorte 5136" NumCta="102.01.07" Haber="5.00" Debe="0.00">
          </PLZ:Transaccion>
        <PLZ:Transaccion Concepto="Banco 5136 - cons/2024/02/0005" DesCta="Proveedores nacionales" NumCta="201.01.01" Haber="0.00" Debe="5.00">
          </PLZ:Transaccion>
    </PLZ:Poliza>
    <PLZ:Poliza Fecha="2024-02-29" Concepto="Pago efectivo" NumUnIdenPol="CBMX/2024/02/0049">
        <PLZ:Transaccion Concepto="Pago efectivo - 16%" DesCta="IVA pendiente de pago" NumCta="119.01.01" Haber="0.69" Debe="0.00">
          </PLZ:Transaccion>
        <PLZ:Transaccion Concepto="Pago efectivo - 16%" DesCta="IVA acreditable pagado" NumCta="118.01.01" Haber="0.00" Debe="0.69">
          </PLZ:Transaccion>
        <PLZ:Transaccion Concepto="Pago efectivo - cons/2024/02/0005" DesCta="Base Imponible de Impuestos en Base a Flujo de Efectivo" NumCta="899.01.99" Haber="4.31" Debe="0.00">
          </PLZ:Transaccion>
        <PLZ:Transaccion Concepto="Pago efectivo - cons/2024/02/0005" DesCta="Base Imponible de Impuestos en Base a Flujo de Efectivo" NumCta="899.01.99" Haber="0.00" Debe="4.31">
          </PLZ:Transaccion>
    </PLZ:Poliza>
    <PLZ:Poliza Fecha="2024-02-29" Concepto="Banco 5136" NumUnIdenPol="BNK1/2024/00134">
        <PLZ:Transaccion Concepto="Banco 5136 - COMISION ORDEN DE PAGO SPEI REFERENCIA: 0010324" DesCta="Banorte 5136" NumCta="102.01.07" Haber="5.00" Debe="0.00">
          </PLZ:Transaccion>
        <PLZ:Transaccion Concepto="Banco 5136 - cons/2024/02/0005" DesCta="Proveedores nacionales" NumCta="201.01.01" Haber="0.00" Debe="5.00">
          </PLZ:Transaccion>
    </PLZ:Poliza>
    <PLZ:Poliza Fecha="2024-02-29" Concepto="Pago efectivo" NumUnIdenPol="CBMX/2024/02/0050">
        <PLZ:Transaccion Concepto="Pago efectivo - 16%" DesCta="IVA pendiente de pago" NumCta="119.01.01" Haber="0.69" Debe="0.00">
          </PLZ:Transaccion>
        <PLZ:Transaccion Concepto="Pago efectivo - 16%" DesCta="IVA acreditable pagado" NumCta="118.01.01" Haber="0.00" Debe="0.69">
          </PLZ:Transaccion>
        <PLZ:Transaccion Concepto="Pago efectivo - cons/2024/02/0005" DesCta="Base Imponible de Impuestos en Base a Flujo de Efectivo" NumCta="899.01.99" Haber="4.31" Debe="0.00">
          </PLZ:Transaccion>
        <PLZ:Transaccion Concepto="Pago efectivo - cons/2024/02/0005" DesCta="Base Imponible de Impuestos en Base a Flujo de Efectivo" NumCta="899.01.99" Haber="0.00" Debe="4.31">
          </PLZ:Transaccion>
    </PLZ:Poliza>
    <PLZ:Poliza Fecha="2024-02-29" Concepto="Pago efectivo" NumUnIdenPol="CBMX/2024/02/0051">
        <PLZ:Transaccion Concepto="Pago efectivo - 16%" DesCta="IVA pendiente de pago" NumCta="119.01.01" Haber="0.69" Debe="0.00">
          </PLZ:Transaccion>
        <PLZ:Transaccion Concepto="Pago efectivo - 16%" DesCta="IVA acreditable pagado" NumCta="118.01.01" Haber="0.00" Debe="0.69">
          </PLZ:Transaccion>
        <PLZ:Transaccion Concepto="Pago efectivo - cons/2024/02/0005" DesCta="Base Imponible de Impuestos en Base a Flujo de Efectivo" NumCta="899.01.99" Haber="4.31" Debe="0.00">
          </PLZ:Transaccion>
        <PLZ:Transaccion Concepto="Pago efectivo - cons/2024/02/0005" DesCta="Base Imponible de Impuestos en Base a Flujo de Efectivo" NumCta="899.01.99" Haber="0.00" Debe="4.31">
          </PLZ:Transaccion>
    </PLZ:Poliza>
    <PLZ:Poliza Fecha="2024-02-29" Concepto="Pago efectivo" NumUnIdenPol="CBMX/2024/02/0052">
        <PLZ:Transaccion Concepto="Pago efectivo - 16%" DesCta="IVA pendiente de pago" NumCta="119.01.01" Haber="0.69" Debe="0.00">
          </PLZ:Transaccion>
        <PLZ:Transaccion Concepto="Pago efectivo - 16%" DesCta="IVA acreditable pagado" NumCta="118.01.01" Haber="0.00" Debe="0.69">
          </PLZ:Transaccion>
        <PLZ:Transaccion Concepto="Pago efectivo - cons/2024/02/0005" DesCta="Base Imponible de Impuestos en Base a Flujo de Efectivo" NumCta="899.01.99" Haber="4.31" Debe="0.00">
          </PLZ:Transaccion>
        <PLZ:Transaccion Concepto="Pago efectivo - cons/2024/02/0005" DesCta="Base Imponible de Impuestos en Base a Flujo de Efectivo" NumCta="899.01.99" Haber="0.00" Debe="4.31">
          </PLZ:Transaccion>
    </PLZ:Poliza>
    <PLZ:Poliza Fecha="2024-02-29" Concepto="Pago efectivo" NumUnIdenPol="CBMX/2024/02/0053">
        <PLZ:Transaccion Concepto="Pago efectivo - 16%" DesCta="IVA pendiente de pago" NumCta="119.01.01" Haber="0.69" Debe="0.00">
          </PLZ:Transaccion>
        <PLZ:Transaccion Concepto="Pago efectivo - 16%" DesCta="IVA acreditable pagado" NumCta="118.01.01" Haber="0.00" Debe="0.69">
          </PLZ:Transaccion>
        <PLZ:Transaccion Concepto="Pago efectivo - cons/2024/02/0005" DesCta="Base Imponible de Impuestos en Base a Flujo de Efectivo" NumCta="899.01.99" Haber="4.31" Debe="0.00">
          </PLZ:Transaccion>
        <PLZ:Transaccion Concepto="Pago efectivo - cons/2024/02/0005" DesCta="Base Imponible de Impuestos en Base a Flujo de Efectivo" NumCta="899.01.99" Haber="0.00" Debe="4.31">
          </PLZ:Transaccion>
    </PLZ:Poliza>
    <PLZ:Poliza Fecha="2024-02-29" Concepto="Pago efectivo" NumUnIdenPol="CBMX/2024/02/0054">
        <PLZ:Transaccion Concepto="Pago efectivo - 16%" DesCta="IVA pendiente de pago" NumCta="119.01.01" Haber="0.69" Debe="0.00">
          </PLZ:Transaccion>
        <PLZ:Transaccion Concepto="Pago efectivo - 16%" DesCta="IVA acreditable pagado" NumCta="118.01.01" Haber="0.00" Debe="0.69">
          </PLZ:Transaccion>
        <PLZ:Transaccion Concepto="Pago efectivo - cons/2024/02/0005" DesCta="Base Imponible de Impuestos en Base a Flujo de Efectivo" NumCta="899.01.99" Haber="4.31" Debe="0.00">
          </PLZ:Transaccion>
        <PLZ:Transaccion Concepto="Pago efectivo - cons/2024/02/0005" DesCta="Base Imponible de Impuestos en Base a Flujo de Efectivo" NumCta="899.01.99" Haber="0.00" Debe="4.31">
          </PLZ:Transaccion>
    </PLZ:Poliza>
    <PLZ:Poliza Fecha="2024-02-29" Concepto="Pago efectivo" NumUnIdenPol="CBMX/2024/02/0055">
        <PLZ:Transaccion Concepto="Pago efectivo - 16%" DesCta="IVA pendiente de pago" NumCta="119.01.01" Haber="0.69" Debe="0.00">
          </PLZ:Transaccion>
        <PLZ:Transaccion Concepto="Pago efectivo - 16%" DesCta="IVA acreditable pagado" NumCta="118.01.01" Haber="0.00" Debe="0.69">
          </PLZ:Transaccion>
        <PLZ:Transaccion Concepto="Pago efectivo - cons/2024/02/0005" DesCta="Base Imponible de Impuestos en Base a Flujo de Efectivo" NumCta="899.01.99" Haber="4.31" Debe="0.00">
          </PLZ:Transaccion>
        <PLZ:Transaccion Concepto="Pago efectivo - cons/2024/02/0005" DesCta="Base Imponible de Impuestos en Base a Flujo de Efectivo" NumCta="899.01.99" Haber="0.00" Debe="4.31">
          </PLZ:Transaccion>
    </PLZ:Poliza>
    <PLZ:Poliza Fecha="2024-02-29" Concepto="Pago efectivo" NumUnIdenPol="CBMX/2024/02/0056">
        <PLZ:Transaccion Concepto="Pago efectivo - 16%" DesCta="IVA pendiente de pago" NumCta="119.01.01" Haber="0.69" Debe="0.00">
          </PLZ:Transaccion>
        <PLZ:Transaccion Concepto="Pago efectivo - 16%" DesCta="IVA acreditable pagado" NumCta="118.01.01" Haber="0.00" Debe="0.69">
          </PLZ:Transaccion>
        <PLZ:Transaccion Concepto="Pago efectivo - cons/2024/02/0005" DesCta="Base Imponible de Impuestos en Base a Flujo de Efectivo" NumCta="899.01.99" Haber="4.31" Debe="0.00">
          </PLZ:Transaccion>
        <PLZ:Transaccion Concepto="Pago efectivo - cons/2024/02/0005" DesCta="Base Imponible de Impuestos en Base a Flujo de Efectivo" NumCta="899.01.99" Haber="0.00" Debe="4.31">
          </PLZ:Transaccion>
    </PLZ:Poliza>
    <PLZ:Poliza Fecha="2024-02-29" Concepto="Pago efectivo" NumUnIdenPol="CBMX/2024/02/0057">
        <PLZ:Transaccion Concepto="Pago efectivo - 16%" DesCta="IVA pendiente de pago" NumCta="119.01.01" Haber="0.69" Debe="0.00">
          </PLZ:Transaccion>
        <PLZ:Transaccion Concepto="Pago efectivo - 16%" DesCta="IVA acreditable pagado" NumCta="118.01.01" Haber="0.00" Debe="0.69">
          </PLZ:Transaccion>
        <PLZ:Transaccion Concepto="Pago efectivo - cons/2024/02/0005" DesCta="Base Imponible de Impuestos en Base a Flujo de Efectivo" NumCta="899.01.99" Haber="4.31" Debe="0.00">
          </PLZ:Transaccion>
        <PLZ:Transaccion Concepto="Pago efectivo - cons/2024/02/0005" DesCta="Base Imponible de Impuestos en Base a Flujo de Efectivo" NumCta="899.01.99" Haber="0.00" Debe="4.31">
          </PLZ:Transaccion>
    </PLZ:Poliza>
    <PLZ:Poliza Fecha="2024-02-29" Concepto="Pago efectivo" NumUnIdenPol="CBMX/2024/02/0058">
        <PLZ:Transaccion Concepto="Pago efectivo - 16%" DesCta="IVA pendiente de pago" NumCta="119.01.01" Haber="0.69" Debe="0.00">
          </PLZ:Transaccion>
        <PLZ:Transaccion Concepto="Pago efectivo - 16%" DesCta="IVA acreditable pagado" NumCta="118.01.01" Haber="0.00" Debe="0.69">
          </PLZ:Transaccion>
        <PLZ:Transaccion Concepto="Pago efectivo - cons/2024/02/0005" DesCta="Base Imponible de Impuestos en Base a Flujo de Efectivo" NumCta="899.01.99" Haber="4.31" Debe="0.00">
          </PLZ:Transaccion>
        <PLZ:Transaccion Concepto="Pago efectivo - cons/2024/02/0005" DesCta="Base Imponible de Impuestos en Base a Flujo de Efectivo" NumCta="899.01.99" Haber="0.00" Debe="4.31">
          </PLZ:Transaccion>
    </PLZ:Poliza>
    <PLZ:Poliza Fecha="2024-02-29" Concepto="Pago efectivo" NumUnIdenPol="CBMX/2024/02/0059">
        <PLZ:Transaccion Concepto="Pago efectivo - 16%" DesCta="IVA pendiente de pago" NumCta="119.01.01" Haber="0.69" Debe="0.00">
          </PLZ:Transaccion>
        <PLZ:Transaccion Concepto="Pago efectivo - 16%" DesCta="IVA acreditable pagado" NumCta="118.01.01" Haber="0.00" Debe="0.69">
          </PLZ:Transaccion>
        <PLZ:Transaccion Concepto="Pago efectivo - cons/2024/02/0005" DesCta="Base Imponible de Impuestos en Base a Flujo de Efectivo" NumCta="899.01.99" Haber="4.31" Debe="0.00">
          </PLZ:Transaccion>
        <PLZ:Transaccion Concepto="Pago efectivo - cons/2024/02/0005" DesCta="Base Imponible de Impuestos en Base a Flujo de Efectivo" NumCta="899.01.99" Haber="0.00" Debe="4.31">
          </PLZ:Transaccion>
    </PLZ:Poliza>
    <PLZ:Poliza Fecha="2024-02-29" Concepto="Pago efectivo" NumUnIdenPol="CBMX/2024/02/0060">
        <PLZ:Transaccion Concepto="Pago efectivo - 16%" DesCta="IVA pendiente de pago" NumCta="119.01.01" Haber="0.69" Debe="0.00">
          </PLZ:Transaccion>
        <PLZ:Transaccion Concepto="Pago efectivo - 16%" DesCta="IVA acreditable pagado" NumCta="118.01.01" Haber="0.00" Debe="0.69">
          </PLZ:Transaccion>
        <PLZ:Transaccion Concepto="Pago efectivo - cons/2024/02/0005" DesCta="Base Imponible de Impuestos en Base a Flujo de Efectivo" NumCta="899.01.99" Haber="4.31" Debe="0.00">
          </PLZ:Transaccion>
        <PLZ:Transaccion Concepto="Pago efectivo - cons/2024/02/0005" DesCta="Base Imponible de Impuestos en Base a Flujo de Efectivo" NumCta="899.01.99" Haber="0.00" Debe="4.31">
          </PLZ:Transaccion>
    </PLZ:Poliza>
    <PLZ:Poliza Fecha="2024-02-29" Concepto="Pago efectivo" NumUnIdenPol="CBMX/2024/02/0061">
        <PLZ:Transaccion Concepto="Pago efectivo - 16%" DesCta="IVA pendiente de pago" NumCta="119.01.01" Haber="0.69" Debe="0.00">
          </PLZ:Transaccion>
        <PLZ:Transaccion Concepto="Pago efectivo - 16%" DesCta="IVA acreditable pagado" NumCta="118.01.01" Haber="0.00" Debe="0.69">
          </PLZ:Transaccion>
        <PLZ:Transaccion Concepto="Pago efectivo - cons/2024/02/0005" DesCta="Base Imponible de Impuestos en Base a Flujo de Efectivo" NumCta="899.01.99" Haber="4.31" Debe="0.00">
          </PLZ:Transaccion>
        <PLZ:Transaccion Concepto="Pago efectivo - cons/2024/02/0005" DesCta="Base Imponible de Impuestos en Base a Flujo de Efectivo" NumCta="899.01.99" Haber="0.00" Debe="4.31">
          </PLZ:Transaccion>
    </PLZ:Poliza>
    <PLZ:Poliza Fecha="2024-02-29" Concepto="Pago efectivo" NumUnIdenPol="CBMX/2024/02/0062">
        <PLZ:Transaccion Concepto="Pago efectivo - 16%" DesCta="IVA pendiente de pago" NumCta="119.01.01" Haber="0.69" Debe="0.00">
          </PLZ:Transaccion>
        <PLZ:Transaccion Concepto="Pago efectivo - 16%" DesCta="IVA acreditable pagado" NumCta="118.01.01" Haber="0.00" Debe="0.69">
          </PLZ:Transaccion>
        <PLZ:Transaccion Concepto="Pago efectivo - cons/2024/02/0005" DesCta="Base Imponible de Impuestos en Base a Flujo de Efectivo" NumCta="899.01.99" Haber="4.31" Debe="0.00">
          </PLZ:Transaccion>
        <PLZ:Transaccion Concepto="Pago efectivo - cons/2024/02/0005" DesCta="Base Imponible de Impuestos en Base a Flujo de Efectivo" NumCta="899.01.99" Haber="0.00" Debe="4.31">
          </PLZ:Transaccion>
    </PLZ:Poliza>
    <PLZ:Poliza Fecha="2024-02-29" Concepto="Pago efectivo" NumUnIdenPol="CBMX/2024/02/0063">
        <PLZ:Transaccion Concepto="Pago efectivo - 16%" DesCta="IVA pendiente de pago" NumCta="119.01.01" Haber="0.69" Debe="0.00">
          </PLZ:Transaccion>
        <PLZ:Transaccion Concepto="Pago efectivo - 16%" DesCta="IVA acreditable pagado" NumCta="118.01.01" Haber="0.00" Debe="0.69">
          </PLZ:Transaccion>
        <PLZ:Transaccion Concepto="Pago efectivo - cons/2024/02/0005" DesCta="Base Imponible de Impuestos en Base a Flujo de Efectivo" NumCta="899.01.99" Haber="4.31" Debe="0.00">
          </PLZ:Transaccion>
        <PLZ:Transaccion Concepto="Pago efectivo - cons/2024/02/0005" DesCta="Base Imponible de Impuestos en Base a Flujo de Efectivo" NumCta="899.01.99" Haber="0.00" Debe="4.31">
          </PLZ:Transaccion>
    </PLZ:Poliza>
    <PLZ:Poliza Fecha="2024-02-29" Concepto="Pago efectivo" NumUnIdenPol="CBMX/2024/02/0064">
        <PLZ:Transaccion Concepto="Pago efectivo - 16%" DesCta="IVA pendiente de pago" NumCta="119.01.01" Haber="0.69" Debe="0.00">
          </PLZ:Transaccion>
        <PLZ:Transaccion Concepto="Pago efectivo - 16%" DesCta="IVA acreditable pagado" NumCta="118.01.01" Haber="0.00" Debe="0.69">
          </PLZ:Transaccion>
        <PLZ:Transaccion Concepto="Pago efectivo - cons/2024/02/0005" DesCta="Base Imponible de Impuestos en Base a Flujo de Efectivo" NumCta="899.01.99" Haber="4.31" Debe="0.00">
          </PLZ:Transaccion>
        <PLZ:Transaccion Concepto="Pago efectivo - cons/2024/02/0005" DesCta="Base Imponible de Impuestos en Base a Flujo de Efectivo" NumCta="899.01.99" Haber="0.00" Debe="4.31">
          </PLZ:Transaccion>
    </PLZ:Poliza>
    <PLZ:Poliza Fecha="2024-02-29" Concepto="Pago efectivo" NumUnIdenPol="CBMX/2024/02/0065">
        <PLZ:Transaccion Concepto="Pago efectivo - 16%" DesCta="IVA pendiente de pago" NumCta="119.01.01" Haber="0.69" Debe="0.00">
          </PLZ:Transaccion>
        <PLZ:Transaccion Concepto="Pago efectivo - 16%" DesCta="IVA acreditable pagado" NumCta="118.01.01" Haber="0.00" Debe="0.69">
          </PLZ:Transaccion>
        <PLZ:Transaccion Concepto="Pago efectivo - cons/2024/02/0005" DesCta="Base Imponible de Impuestos en Base a Flujo de Efectivo" NumCta="899.01.99" Haber="4.31" Debe="0.00">
          </PLZ:Transaccion>
        <PLZ:Transaccion Concepto="Pago efectivo - cons/2024/02/0005" DesCta="Base Imponible de Impuestos en Base a Flujo de Efectivo" NumCta="899.01.99" Haber="0.00" Debe="4.31">
          </PLZ:Transaccion>
    </PLZ:Poliza>
    <PLZ:Poliza Fecha="2024-02-29" Concepto="Pago efectivo" NumUnIdenPol="CBMX/2024/02/0066">
        <PLZ:Transaccion Concepto="Pago efectivo - 16%" DesCta="IVA pendiente de pago" NumCta="119.01.01" Haber="0.69" Debe="0.00">
          </PLZ:Transaccion>
        <PLZ:Transaccion Concepto="Pago efectivo - 16%" DesCta="IVA acreditable pagado" NumCta="118.01.01" Haber="0.00" Debe="0.69">
          </PLZ:Transaccion>
        <PLZ:Transaccion Concepto="Pago efectivo - cons/2024/02/0005" DesCta="Base Imponible de Impuestos en Base a Flujo de Efectivo" NumCta="899.01.99" Haber="4.31" Debe="0.00">
          </PLZ:Transaccion>
        <PLZ:Transaccion Concepto="Pago efectivo - cons/2024/02/0005" DesCta="Base Imponible de Impuestos en Base a Flujo de Efectivo" NumCta="899.01.99" Haber="0.00" Debe="4.31">
          </PLZ:Transaccion>
    </PLZ:Poliza>
    <PLZ:Poliza Fecha="2024-02-29" Concepto="Pago efectivo" NumUnIdenPol="CBMX/2024/02/0067">
        <PLZ:Transaccion Concepto="Pago efectivo - 16%" DesCta="IVA pendiente de pago" NumCta="119.01.01" Haber="0.69" Debe="0.00">
          </PLZ:Transaccion>
        <PLZ:Transaccion Concepto="Pago efectivo - 16%" DesCta="IVA acreditable pagado" NumCta="118.01.01" Haber="0.00" Debe="0.69">
          </PLZ:Transaccion>
        <PLZ:Transaccion Concepto="Pago efectivo - cons/2024/02/0005" DesCta="Base Imponible de Impuestos en Base a Flujo de Efectivo" NumCta="899.01.99" Haber="4.31" Debe="0.00">
          </PLZ:Transaccion>
        <PLZ:Transaccion Concepto="Pago efectivo - cons/2024/02/0005" DesCta="Base Imponible de Impuestos en Base a Flujo de Efectivo" NumCta="899.01.99" Haber="0.00" Debe="4.31">
          </PLZ:Transaccion>
    </PLZ:Poliza>
    <PLZ:Poliza Fecha="2024-02-29" Concepto="Pago efectivo" NumUnIdenPol="CBMX/2024/02/0068">
        <PLZ:Transaccion Concepto="Pago efectivo - 16%" DesCta="IVA pendiente de pago" NumCta="119.01.01" Haber="0.69" Debe="0.00">
          </PLZ:Transaccion>
        <PLZ:Transaccion Concepto="Pago efectivo - 16%" DesCta="IVA acreditable pagado" NumCta="118.01.01" Haber="0.00" Debe="0.69">
          </PLZ:Transaccion>
        <PLZ:Transaccion Concepto="Pago efectivo - cons/2024/02/0005" DesCta="Base Imponible de Impuestos en Base a Flujo de Efectivo" NumCta="899.01.99" Haber="4.31" Debe="0.00">
          </PLZ:Transaccion>
        <PLZ:Transaccion Concepto="Pago efectivo - cons/2024/02/0005" DesCta="Base Imponible de Impuestos en Base a Flujo de Efectivo" NumCta="899.01.99" Haber="0.00" Debe="4.31">
          </PLZ:Transaccion>
    </PLZ:Poliza>
    <PLZ:Poliza Fecha="2024-02-29" Concepto="Pago efectivo" NumUnIdenPol="CBMX/2024/02/0069">
        <PLZ:Transaccion Concepto="Pago efectivo - 16%" DesCta="IVA pendiente de pago" NumCta="119.01.01" Haber="0.69" Debe="0.00">
          </PLZ:Transaccion>
        <PLZ:Transaccion Concepto="Pago efectivo - 16%" DesCta="IVA acreditable pagado" NumCta="118.01.01" Haber="0.00" Debe="0.69">
          </PLZ:Transaccion>
        <PLZ:Transaccion Concepto="Pago efectivo - cons/2024/02/0005" DesCta="Base Imponible de Impuestos en Base a Flujo de Efectivo" NumCta="899.01.99" Haber="4.31" Debe="0.00">
          </PLZ:Transaccion>
        <PLZ:Transaccion Concepto="Pago efectivo - cons/2024/02/0005" DesCta="Base Imponible de Impuestos en Base a Flujo de Efectivo" NumCta="899.01.99" Haber="0.00" Debe="4.31">
          </PLZ:Transaccion>
    </PLZ:Poliza>
    <PLZ:Poliza Fecha="2024-02-29" Concepto="Banco 5136" NumUnIdenPol="BNK1/2024/00131">
        <PLZ:Transaccion Concepto="Banco 5136 - COMISION POR CHEQUES EXPEDIDOS 00007 OP. EXCEDIDAS A MEMBRESIA 0224" DesCta="Banorte 5136" NumCta="102.01.07" Haber="126.00" Debe="0.00">
          </PLZ:Transaccion>
        <PLZ:Transaccion Concepto="Banco 5136 - cons/2024/02/0005" DesCta="Proveedores nacionales" NumCta="201.01.01" Haber="0.00" Debe="126.00">
          </PLZ:Transaccion>
    </PLZ:Poliza>
    <PLZ:Poliza Fecha="2024-02-29" Concepto="Pago efectivo" NumUnIdenPol="CBMX/2024/02/0070">
        <PLZ:Transaccion Concepto="Pago efectivo - 16%" DesCta="IVA pendiente de pago" NumCta="119.01.01" Haber="17.38" Debe="0.00">
          </PLZ:Transaccion>
        <PLZ:Transaccion Concepto="Pago efectivo - 16%" DesCta="IVA acreditable pagado" NumCta="118.01.01" Haber="0.00" Debe="17.38">
          </PLZ:Transaccion>
        <PLZ:Transaccion Concepto="Pago efectivo - cons/2024/02/0005" DesCta="Base Imponible de Impuestos en Base a Flujo de Efectivo" NumCta="899.01.99" Haber="108.62" Debe="0.00">
          </PLZ:Transaccion>
        <PLZ:Transaccion Concepto="Pago efectivo - cons/2024/02/0005" DesCta="Base Imponible de Impuestos en Base a Flujo de Efectivo" NumCta="899.01.99" Haber="0.00" Debe="108.62">
          </PLZ:Transaccion>
    </PLZ:Poliza>
    <PLZ:Poliza Fecha="2024-02-29" Concepto="Pago efectivo" NumUnIdenPol="CBMX/2024/02/0071">
        <PLZ:Transaccion Concepto="Pago efectivo - 16%" DesCta="IVA pendiente de pago" NumCta="119.01.01" Haber="0.69" Debe="0.00">
          </PLZ:Transaccion>
        <PLZ:Transaccion Concepto="Pago efectivo - 16%" DesCta="IVA acreditable pagado" NumCta="118.01.01" Haber="0.00" Debe="0.69">
          </PLZ:Transaccion>
        <PLZ:Transaccion Concepto="Pago efectivo - cons/2024/02/0005" DesCta="Base Imponible de Impuestos en Base a Flujo de Efectivo" NumCta="899.01.99" Haber="4.31" Debe="0.00">
          </PLZ:Transaccion>
        <PLZ:Transaccion Concepto="Pago efectivo - cons/2024/02/0005" DesCta="Base Imponible de Impuestos en Base a Flujo de Efectivo" NumCta="899.01.99" Haber="0.00" Debe="4.31">
          </PLZ:Transaccion>
    </PLZ:Poliza>
    <PLZ:Poliza Fecha="2024-02-29" Concepto="Banco 5136" NumUnIdenPol="BNK1/2024/00129">
        <PLZ:Transaccion Concepto="Banco 5136 - COM MEMB P.M. COMISION MEMBRESIA P. MORAL 0224" DesCta="Banorte 5136" NumCta="102.01.07" Haber="400.00" Debe="0.00">
          </PLZ:Transaccion>
        <PLZ:Transaccion Concepto="Banco 5136 - cons/2024/02/0005" DesCta="Proveedores nacionales" NumCta="201.01.01" Haber="0.00" Debe="400.00">
          </PLZ:Transaccion>
    </PLZ:Poliza>
    <PLZ:Poliza Fecha="2024-02-29" Concepto="Pago efectivo" NumUnIdenPol="CBMX/2024/02/0072">
        <PLZ:Transaccion Concepto="Pago efectivo - 16%" DesCta="IVA pendiente de pago" NumCta="119.01.01" Haber="55.17" Debe="0.00">
          </PLZ:Transaccion>
        <PLZ:Transaccion Concepto="Pago efectivo - 16%" DesCta="IVA acreditable pagado" NumCta="118.01.01" Haber="0.00" Debe="55.17">
          </PLZ:Transaccion>
        <PLZ:Transaccion Concepto="Pago efectivo - cons/2024/02/0005" DesCta="Base Imponible de Impuestos en Base a Flujo de Efectivo" NumCta="899.01.99" Haber="344.83" Debe="0.00">
          </PLZ:Transaccion>
        <PLZ:Transaccion Concepto="Pago efectivo - cons/2024/02/0005" DesCta="Base Imponible de Impuestos en Base a Flujo de Efectivo" NumCta="899.01.99" Haber="0.00" Debe="344.83">
          </PLZ:Transaccion>
    </PLZ:Poliza>
    <PLZ:Poliza Fecha="2024-02-29" Concepto="Banco 5136" NumUnIdenPol="BNK1/2024/00130">
        <PLZ:Transaccion Concepto="Banco 5136 - IVA COM MEMB P.M. COMISION MEMBRESIA P. MORAL 0224" DesCta="Banorte 5136" NumCta="102.01.07" Haber="64.00" Debe="0.00">
          </PLZ:Transaccion>
        <PLZ:Transaccion Concepto="Banco 5136 - cons/2024/02/0005" DesCta="Proveedores nacionales" NumCta="201.01.01" Haber="0.00" Debe="64.00">
          </PLZ:Transaccion>
    </PLZ:Poliza>
    <PLZ:Poliza Fecha="2024-02-29" Concepto="Pago efectivo" NumUnIdenPol="CBMX/2024/02/0073">
        <PLZ:Transaccion Concepto="Pago efectivo - 16%" DesCta="IVA pendiente de pago" NumCta="119.01.01" Haber="8.83" Debe="0.00">
          </PLZ:Transaccion>
        <PLZ:Transaccion Concepto="Pago efectivo - 16%" DesCta="IVA acreditable pagado" NumCta="118.01.01" Haber="0.00" Debe="8.83">
          </PLZ:Transaccion>
        <PLZ:Transaccion Concepto="Pago efectivo - cons/2024/02/0005" DesCta="Base Imponible de Impuestos en Base a Flujo de Efectivo" NumCta="899.01.99" Haber="55.17" Debe="0.00">
          </PLZ:Transaccion>
        <PLZ:Transaccion Concepto="Pago efectivo - cons/2024/02/0005" DesCta="Base Imponible de Impuestos en Base a Flujo de Efectivo" NumCta="899.01.99" Haber="0.00" Debe="55.17">
          </PLZ:Transaccion>
    </PLZ:Poliza>
    <PLZ:Poliza Fecha="2024-02-29" Concepto="Banco 5136" NumUnIdenPol="BNK1/2024/00122">
        <PLZ:Transaccion Concepto="Banco 5136 - I.V.A. ORDEN DE PAGO SPEI REFERENCIA: 0290224" DesCta="Banorte 5136" NumCta="102.01.07" Haber="0.80" Debe="0.00">
          </PLZ:Transaccion>
        <PLZ:Transaccion Concepto="Banco 5136 - cons/2024/02/0005" DesCta="Proveedores nacionales" NumCta="201.01.01" Haber="0.00" Debe="0.80">
          </PLZ:Transaccion>
    </PLZ:Poliza>
    <PLZ:Poliza Fecha="2024-02-29" Concepto="Pago efectivo" NumUnIdenPol="CBMX/2024/02/0074">
        <PLZ:Transaccion Concepto="Pago efectivo - 16%" DesCta="IVA pendiente de pago" NumCta="119.01.01" Haber="0.11" Debe="0.00">
          </PLZ:Transaccion>
        <PLZ:Transaccion Concepto="Pago efectivo - 16%" DesCta="IVA acreditable pagado" NumCta="118.01.01" Haber="0.00" Debe="0.11">
          </PLZ:Transaccion>
        <PLZ:Transaccion Concepto="Pago efectivo - cons/2024/02/0005" DesCta="Base Imponible de Impuestos en Base a Flujo de Efectivo" NumCta="899.01.99" Haber="0.69" Debe="0.00">
          </PLZ:Transaccion>
        <PLZ:Transaccion Concepto="Pago efectivo - cons/2024/02/0005" DesCta="Base Imponible de Impuestos en Base a Flujo de Efectivo" NumCta="899.01.99" Haber="0.00" Debe="0.69">
          </PLZ:Transaccion>
    </PLZ:Poliza>
    <PLZ:Poliza Fecha="2024-02-29" Concepto="Banco 5136" NumUnIdenPol="BNK1/2024/00125">
        <PLZ:Transaccion Concepto="Banco 5136 - I.V.A. ORDEN DE PAGO SPEI REFERENCIA: 0290224" DesCta="Banorte 5136" NumCta="102.01.07" Haber="0.80" Debe="0.00">
          </PLZ:Transaccion>
        <PLZ:Transaccion Concepto="Banco 5136 - cons/2024/02/0005" DesCta="Proveedores nacionales" NumCta="201.01.01" Haber="0.00" Debe="0.80">
          </PLZ:Transaccion>
    </PLZ:Poliza>
    <PLZ:Poliza Fecha="2024-02-29" Concepto="Pago efectivo" NumUnIdenPol="CBMX/2024/02/0075">
        <PLZ:Transaccion Concepto="Pago efectivo - 16%" DesCta="IVA pendiente de pago" NumCta="119.01.01" Haber="0.11" Debe="0.00">
          </PLZ:Transaccion>
        <PLZ:Transaccion Concepto="Pago efectivo - 16%" DesCta="IVA acreditable pagado" NumCta="118.01.01" Haber="0.00" Debe="0.11">
          </PLZ:Transaccion>
        <PLZ:Transaccion Concepto="Pago efectivo - cons/2024/02/0005" DesCta="Base Imponible de Impuestos en Base a Flujo de Efectivo" NumCta="899.01.99" Haber="0.69" Debe="0.00">
          </PLZ:Transaccion>
        <PLZ:Transaccion Concepto="Pago efectivo - cons/2024/02/0005" DesCta="Base Imponible de Impuestos en Base a Flujo de Efectivo" NumCta="899.01.99" Haber="0.00" Debe="0.69">
          </PLZ:Transaccion>
    </PLZ:Poliza>
    <PLZ:Poliza Fecha="2024-02-29" Concepto="Banco 5136" NumUnIdenPol="BNK1/2024/00128">
        <PLZ:Transaccion Concepto="Banco 5136 - I.V.A. ORDEN DE PAGO SPEI REFERENCIA: 0290224" DesCta="Banorte 5136" NumCta="102.01.07" Haber="0.80" Debe="0.00">
          </PLZ:Transaccion>
        <PLZ:Transaccion Concepto="Banco 5136 - cons/2024/02/0005" DesCta="Proveedores nacionales" NumCta="201.01.01" Haber="0.00" Debe="0.80">
          </PLZ:Transaccion>
    </PLZ:Poliza>
    <PLZ:Poliza Fecha="2024-02-29" Concepto="Pago efectivo" NumUnIdenPol="CBMX/2024/02/0076">
        <PLZ:Transaccion Concepto="Pago efectivo - 16%" DesCta="IVA pendiente de pago" NumCta="119.01.01" Haber="0.11" Debe="0.00">
          </PLZ:Transaccion>
        <PLZ:Transaccion Concepto="Pago efectivo - 16%" DesCta="IVA acreditable pagado" NumCta="118.01.01" Haber="0.00" Debe="0.11">
          </PLZ:Transaccion>
        <PLZ:Transaccion Concepto="Pago efectivo - cons/2024/02/0005" DesCta="Base Imponible de Impuestos en Base a Flujo de Efectivo" NumCta="899.01.99" Haber="0.69" Debe="0.00">
          </PLZ:Transaccion>
        <PLZ:Transaccion Concepto="Pago efectivo - cons/2024/02/0005" DesCta="Base Imponible de Impuestos en Base a Flujo de Efectivo" NumCta="899.01.99" Haber="0.00" Debe="0.69">
          </PLZ:Transaccion>
    </PLZ:Poliza>
    <PLZ:Poliza Fecha="2024-02-29" Concepto="Banco 5136" NumUnIdenPol="BNK1/2024/00135">
        <PLZ:Transaccion Concepto="Banco 5136 - I.V.A. ORDEN DE PAGO SPEI REFERENCIA: 0010324" DesCta="Banorte 5136" NumCta="102.01.07" Haber="0.80" Debe="0.00">
          </PLZ:Transaccion>
        <PLZ:Transaccion Concepto="Banco 5136 - cons/2024/02/0005" DesCta="Proveedores nacionales" NumCta="201.01.01" Haber="0.00" Debe="0.80">
          </PLZ:Transaccion>
    </PLZ:Poliza>
    <PLZ:Poliza Fecha="2024-02-29" Concepto="Pago efectivo" NumUnIdenPol="CBMX/2024/02/0077">
        <PLZ:Transaccion Concepto="Pago efectivo - 16%" DesCta="IVA pendiente de pago" NumCta="119.01.01" Haber="0.11" Debe="0.00">
          </PLZ:Transaccion>
        <PLZ:Transaccion Concepto="Pago efectivo - 16%" DesCta="IVA acreditable pagado" NumCta="118.01.01" Haber="0.00" Debe="0.11">
          </PLZ:Transaccion>
        <PLZ:Transaccion Concepto="Pago efectivo - cons/2024/02/0005" DesCta="Base Imponible de Impuestos en Base a Flujo de Efectivo" NumCta="899.01.99" Haber="0.69" Debe="0.00">
          </PLZ:Transaccion>
        <PLZ:Transaccion Concepto="Pago efectivo - cons/2024/02/0005" DesCta="Base Imponible de Impuestos en Base a Flujo de Efectivo" NumCta="899.01.99" Haber="0.00" Debe="0.69">
          </PLZ:Transaccion>
    </PLZ:Poliza>
    <PLZ:Poliza Fecha="2024-02-29" Concepto="Pago efectivo" NumUnIdenPol="CBMX/2024/02/0078">
        <PLZ:Transaccion Concepto="Pago efectivo - 16%" DesCta="IVA pendiente de pago" NumCta="119.01.01" Haber="0.11" Debe="0.00">
          </PLZ:Transaccion>
        <PLZ:Transaccion Concepto="Pago efectivo - 16%" DesCta="IVA acreditable pagado" NumCta="118.01.01" Haber="0.00" Debe="0.11">
          </PLZ:Transaccion>
        <PLZ:Transaccion Concepto="Pago efectivo - cons/2024/02/0005" DesCta="Base Imponible de Impuestos en Base a Flujo de Efectivo" NumCta="899.01.99" Haber="0.69" Debe="0.00">
          </PLZ:Transaccion>
        <PLZ:Transaccion Concepto="Pago efectivo - cons/2024/02/0005" DesCta="Base Imponible de Impuestos en Base a Flujo de Efectivo" NumCta="899.01.99" Haber="0.00" Debe="0.69">
          </PLZ:Transaccion>
    </PLZ:Poliza>
    <PLZ:Poliza Fecha="2024-02-29" Concepto="Pago efectivo" NumUnIdenPol="CBMX/2024/02/0079">
        <PLZ:Transaccion Concepto="Pago efectivo - 16%" DesCta="IVA pendiente de pago" NumCta="119.01.01" Haber="0.11" Debe="0.00">
          </PLZ:Transaccion>
        <PLZ:Transaccion Concepto="Pago efectivo - 16%" DesCta="IVA acreditable pagado" NumCta="118.01.01" Haber="0.00" Debe="0.11">
          </PLZ:Transaccion>
        <PLZ:Transaccion Concepto="Pago efectivo - cons/2024/02/0005" DesCta="Base Imponible de Impuestos en Base a Flujo de Efectivo" NumCta="899.01.99" Haber="0.69" Debe="0.00">
          </PLZ:Transaccion>
        <PLZ:Transaccion Concepto="Pago efectivo - cons/2024/02/0005" DesCta="Base Imponible de Impuestos en Base a Flujo de Efectivo" NumCta="899.01.99" Haber="0.00" Debe="0.69">
          </PLZ:Transaccion>
    </PLZ:Poliza>
    <PLZ:Poliza Fecha="2024-02-29" Concepto="Pago efectivo" NumUnIdenPol="CBMX/2024/02/0080">
        <PLZ:Transaccion Concepto="Pago efectivo - 16%" DesCta="IVA pendiente de pago" NumCta="119.01.01" Haber="0.11" Debe="0.00">
          </PLZ:Transaccion>
        <PLZ:Transaccion Concepto="Pago efectivo - 16%" DesCta="IVA acreditable pagado" NumCta="118.01.01" Haber="0.00" Debe="0.11">
          </PLZ:Transaccion>
        <PLZ:Transaccion Concepto="Pago efectivo - cons/2024/02/0005" DesCta="Base Imponible de Impuestos en Base a Flujo de Efectivo" NumCta="899.01.99" Haber="0.69" Debe="0.00">
          </PLZ:Transaccion>
        <PLZ:Transaccion Concepto="Pago efectivo - cons/2024/02/0005" DesCta="Base Imponible de Impuestos en Base a Flujo de Efectivo" NumCta="899.01.99" Haber="0.00" Debe="0.69">
          </PLZ:Transaccion>
    </PLZ:Poliza>
    <PLZ:Poliza Fecha="2024-02-29" Concepto="Pago efectivo" NumUnIdenPol="CBMX/2024/02/0081">
        <PLZ:Transaccion Concepto="Pago efectivo - 16%" DesCta="IVA pendiente de pago" NumCta="119.01.01" Haber="0.11" Debe="0.00">
          </PLZ:Transaccion>
        <PLZ:Transaccion Concepto="Pago efectivo - 16%" DesCta="IVA acreditable pagado" NumCta="118.01.01" Haber="0.00" Debe="0.11">
          </PLZ:Transaccion>
        <PLZ:Transaccion Concepto="Pago efectivo - cons/2024/02/0005" DesCta="Base Imponible de Impuestos en Base a Flujo de Efectivo" NumCta="899.01.99" Haber="0.69" Debe="0.00">
          </PLZ:Transaccion>
        <PLZ:Transaccion Concepto="Pago efectivo - cons/2024/02/0005" DesCta="Base Imponible de Impuestos en Base a Flujo de Efectivo" NumCta="899.01.99" Haber="0.00" Debe="0.69">
          </PLZ:Transaccion>
    </PLZ:Poliza>
    <PLZ:Poliza Fecha="2024-02-29" Concepto="Pago efectivo" NumUnIdenPol="CBMX/2024/02/0082">
        <PLZ:Transaccion Concepto="Pago efectivo - 16%" DesCta="IVA pendiente de pago" NumCta="119.01.01" Haber="0.11" Debe="0.00">
          </PLZ:Transaccion>
        <PLZ:Transaccion Concepto="Pago efectivo - 16%" DesCta="IVA acreditable pagado" NumCta="118.01.01" Haber="0.00" Debe="0.11">
          </PLZ:Transaccion>
        <PLZ:Transaccion Concepto="Pago efectivo - cons/2024/02/0005" DesCta="Base Imponible de Impuestos en Base a Flujo de Efectivo" NumCta="899.01.99" Haber="0.69" Debe="0.00">
          </PLZ:Transaccion>
        <PLZ:Transaccion Concepto="Pago efectivo - cons/2024/02/0005" DesCta="Base Imponible de Impuestos en Base a Flujo de Efectivo" NumCta="899.01.99" Haber="0.00" Debe="0.69">
          </PLZ:Transaccion>
    </PLZ:Poliza>
    <PLZ:Poliza Fecha="2024-02-29" Concepto="Pago efectivo" NumUnIdenPol="CBMX/2024/02/0083">
        <PLZ:Transaccion Concepto="Pago efectivo - 16%" DesCta="IVA pendiente de pago" NumCta="119.01.01" Haber="0.11" Debe="0.00">
          </PLZ:Transaccion>
        <PLZ:Transaccion Concepto="Pago efectivo - 16%" DesCta="IVA acreditable pagado" NumCta="118.01.01" Haber="0.00" Debe="0.11">
          </PLZ:Transaccion>
        <PLZ:Transaccion Concepto="Pago efectivo - cons/2024/02/0005" DesCta="Base Imponible de Impuestos en Base a Flujo de Efectivo" NumCta="899.01.99" Haber="0.69" Debe="0.00">
          </PLZ:Transaccion>
        <PLZ:Transaccion Concepto="Pago efectivo - cons/2024/02/0005" DesCta="Base Imponible de Impuestos en Base a Flujo de Efectivo" NumCta="899.01.99" Haber="0.00" Debe="0.69">
          </PLZ:Transaccion>
    </PLZ:Poliza>
    <PLZ:Poliza Fecha="2024-02-29" Concepto="Pago efectivo" NumUnIdenPol="CBMX/2024/02/0084">
        <PLZ:Transaccion Concepto="Pago efectivo - 16%" DesCta="IVA pendiente de pago" NumCta="119.01.01" Haber="0.11" Debe="0.00">
          </PLZ:Transaccion>
        <PLZ:Transaccion Concepto="Pago efectivo - 16%" DesCta="IVA acreditable pagado" NumCta="118.01.01" Haber="0.00" Debe="0.11">
          </PLZ:Transaccion>
        <PLZ:Transaccion Concepto="Pago efectivo - cons/2024/02/0005" DesCta="Base Imponible de Impuestos en Base a Flujo de Efectivo" NumCta="899.01.99" Haber="0.69" Debe="0.00">
          </PLZ:Transaccion>
        <PLZ:Transaccion Concepto="Pago efectivo - cons/2024/02/0005" DesCta="Base Imponible de Impuestos en Base a Flujo de Efectivo" NumCta="899.01.99" Haber="0.00" Debe="0.69">
          </PLZ:Transaccion>
    </PLZ:Poliza>
    <PLZ:Poliza Fecha="2024-02-29" Concepto="Pago efectivo" NumUnIdenPol="CBMX/2024/02/0085">
        <PLZ:Transaccion Concepto="Pago efectivo - 16%" DesCta="IVA pendiente de pago" NumCta="119.01.01" Haber="0.11" Debe="0.00">
          </PLZ:Transaccion>
        <PLZ:Transaccion Concepto="Pago efectivo - 16%" DesCta="IVA acreditable pagado" NumCta="118.01.01" Haber="0.00" Debe="0.11">
          </PLZ:Transaccion>
        <PLZ:Transaccion Concepto="Pago efectivo - cons/2024/02/0005" DesCta="Base Imponible de Impuestos en Base a Flujo de Efectivo" NumCta="899.01.99" Haber="0.69" Debe="0.00">
          </PLZ:Transaccion>
        <PLZ:Transaccion Concepto="Pago efectivo - cons/2024/02/0005" DesCta="Base Imponible de Impuestos en Base a Flujo de Efectivo" NumCta="899.01.99" Haber="0.00" Debe="0.69">
          </PLZ:Transaccion>
    </PLZ:Poliza>
    <PLZ:Poliza Fecha="2024-02-29" Concepto="Pago efectivo" NumUnIdenPol="CBMX/2024/02/0086">
        <PLZ:Transaccion Concepto="Pago efectivo - 16%" DesCta="IVA pendiente de pago" NumCta="119.01.01" Haber="0.11" Debe="0.00">
          </PLZ:Transaccion>
        <PLZ:Transaccion Concepto="Pago efectivo - 16%" DesCta="IVA acreditable pagado" NumCta="118.01.01" Haber="0.00" Debe="0.11">
          </PLZ:Transaccion>
        <PLZ:Transaccion Concepto="Pago efectivo - cons/2024/02/0005" DesCta="Base Imponible de Impuestos en Base a Flujo de Efectivo" NumCta="899.01.99" Haber="0.69" Debe="0.00">
          </PLZ:Transaccion>
        <PLZ:Transaccion Concepto="Pago efectivo - cons/2024/02/0005" DesCta="Base Imponible de Impuestos en Base a Flujo de Efectivo" NumCta="899.01.99" Haber="0.00" Debe="0.69">
          </PLZ:Transaccion>
    </PLZ:Poliza>
    <PLZ:Poliza Fecha="2024-02-29" Concepto="Pago efectivo" NumUnIdenPol="CBMX/2024/02/0087">
        <PLZ:Transaccion Concepto="Pago efectivo - 16%" DesCta="IVA pendiente de pago" NumCta="119.01.01" Haber="0.11" Debe="0.00">
          </PLZ:Transaccion>
        <PLZ:Transaccion Concepto="Pago efectivo - 16%" DesCta="IVA acreditable pagado" NumCta="118.01.01" Haber="0.00" Debe="0.11">
          </PLZ:Transaccion>
        <PLZ:Transaccion Concepto="Pago efectivo - cons/2024/02/0005" DesCta="Base Imponible de Impuestos en Base a Flujo de Efectivo" NumCta="899.01.99" Haber="0.69" Debe="0.00">
          </PLZ:Transaccion>
        <PLZ:Transaccion Concepto="Pago efectivo - cons/2024/02/0005" DesCta="Base Imponible de Impuestos en Base a Flujo de Efectivo" NumCta="899.01.99" Haber="0.00" Debe="0.69">
          </PLZ:Transaccion>
    </PLZ:Poliza>
    <PLZ:Poliza Fecha="2024-02-29" Concepto="Pago efectivo" NumUnIdenPol="CBMX/2024/02/0088">
        <PLZ:Transaccion Concepto="Pago efectivo - 16%" DesCta="IVA pendiente de pago" NumCta="119.01.01" Haber="0.11" Debe="0.00">
          </PLZ:Transaccion>
        <PLZ:Transaccion Concepto="Pago efectivo - 16%" DesCta="IVA acreditable pagado" NumCta="118.01.01" Haber="0.00" Debe="0.11">
          </PLZ:Transaccion>
        <PLZ:Transaccion Concepto="Pago efectivo - cons/2024/02/0005" DesCta="Base Imponible de Impuestos en Base a Flujo de Efectivo" NumCta="899.01.99" Haber="0.69" Debe="0.00">
          </PLZ:Transaccion>
        <PLZ:Transaccion Concepto="Pago efectivo - cons/2024/02/0005" DesCta="Base Imponible de Impuestos en Base a Flujo de Efectivo" NumCta="899.01.99" Haber="0.00" Debe="0.69">
          </PLZ:Transaccion>
    </PLZ:Poliza>
    <PLZ:Poliza Fecha="2024-02-29" Concepto="Pago efectivo" NumUnIdenPol="CBMX/2024/02/0089">
        <PLZ:Transaccion Concepto="Pago efectivo - 16%" DesCta="IVA pendiente de pago" NumCta="119.01.01" Haber="0.11" Debe="0.00">
          </PLZ:Transaccion>
        <PLZ:Transaccion Concepto="Pago efectivo - 16%" DesCta="IVA acreditable pagado" NumCta="118.01.01" Haber="0.00" Debe="0.11">
          </PLZ:Transaccion>
        <PLZ:Transaccion Concepto="Pago efectivo - cons/2024/02/0005" DesCta="Base Imponible de Impuestos en Base a Flujo de Efectivo" NumCta="899.01.99" Haber="0.69" Debe="0.00">
          </PLZ:Transaccion>
        <PLZ:Transaccion Concepto="Pago efectivo - cons/2024/02/0005" DesCta="Base Imponible de Impuestos en Base a Flujo de Efectivo" NumCta="899.01.99" Haber="0.00" Debe="0.69">
          </PLZ:Transaccion>
    </PLZ:Poliza>
    <PLZ:Poliza Fecha="2024-02-29" Concepto="Pago efectivo" NumUnIdenPol="CBMX/2024/02/0090">
        <PLZ:Transaccion Concepto="Pago efectivo - 16%" DesCta="IVA pendiente de pago" NumCta="119.01.01" Haber="0.11" Debe="0.00">
          </PLZ:Transaccion>
        <PLZ:Transaccion Concepto="Pago efectivo - 16%" DesCta="IVA acreditable pagado" NumCta="118.01.01" Haber="0.00" Debe="0.11">
          </PLZ:Transaccion>
        <PLZ:Transaccion Concepto="Pago efectivo - cons/2024/02/0005" DesCta="Base Imponible de Impuestos en Base a Flujo de Efectivo" NumCta="899.01.99" Haber="0.69" Debe="0.00">
          </PLZ:Transaccion>
        <PLZ:Transaccion Concepto="Pago efectivo - cons/2024/02/0005" DesCta="Base Imponible de Impuestos en Base a Flujo de Efectivo" NumCta="899.01.99" Haber="0.00" Debe="0.69">
          </PLZ:Transaccion>
    </PLZ:Poliza>
    <PLZ:Poliza Fecha="2024-02-29" Concepto="Pago efectivo" NumUnIdenPol="CBMX/2024/02/0091">
        <PLZ:Transaccion Concepto="Pago efectivo - 16%" DesCta="IVA pendiente de pago" NumCta="119.01.01" Haber="0.11" Debe="0.00">
          </PLZ:Transaccion>
        <PLZ:Transaccion Concepto="Pago efectivo - 16%" DesCta="IVA acreditable pagado" NumCta="118.01.01" Haber="0.00" Debe="0.11">
          </PLZ:Transaccion>
        <PLZ:Transaccion Concepto="Pago efectivo - cons/2024/02/0005" DesCta="Base Imponible de Impuestos en Base a Flujo de Efectivo" NumCta="899.01.99" Haber="0.69" Debe="0.00">
          </PLZ:Transaccion>
        <PLZ:Transaccion Concepto="Pago efectivo - cons/2024/02/0005" DesCta="Base Imponible de Impuestos en Base a Flujo de Efectivo" NumCta="899.01.99" Haber="0.00" Debe="0.69">
          </PLZ:Transaccion>
    </PLZ:Poliza>
    <PLZ:Poliza Fecha="2024-02-29" Concepto="Pago efectivo" NumUnIdenPol="CBMX/2024/02/0092">
        <PLZ:Transaccion Concepto="Pago efectivo - 16%" DesCta="IVA pendiente de pago" NumCta="119.01.01" Haber="0.11" Debe="0.00">
          </PLZ:Transaccion>
        <PLZ:Transaccion Concepto="Pago efectivo - 16%" DesCta="IVA acreditable pagado" NumCta="118.01.01" Haber="0.00" Debe="0.11">
          </PLZ:Transaccion>
        <PLZ:Transaccion Concepto="Pago efectivo - cons/2024/02/0005" DesCta="Base Imponible de Impuestos en Base a Flujo de Efectivo" NumCta="899.01.99" Haber="0.69" Debe="0.00">
          </PLZ:Transaccion>
        <PLZ:Transaccion Concepto="Pago efectivo - cons/2024/02/0005" DesCta="Base Imponible de Impuestos en Base a Flujo de Efectivo" NumCta="899.01.99" Haber="0.00" Debe="0.69">
          </PLZ:Transaccion>
    </PLZ:Poliza>
    <PLZ:Poliza Fecha="2024-02-29" Concepto="Pago efectivo" NumUnIdenPol="CBMX/2024/02/0093">
        <PLZ:Transaccion Concepto="Pago efectivo - 16%" DesCta="IVA pendiente de pago" NumCta="119.01.01" Haber="0.11" Debe="0.00">
          </PLZ:Transaccion>
        <PLZ:Transaccion Concepto="Pago efectivo - 16%" DesCta="IVA acreditable pagado" NumCta="118.01.01" Haber="0.00" Debe="0.11">
          </PLZ:Transaccion>
        <PLZ:Transaccion Concepto="Pago efectivo - cons/2024/02/0005" DesCta="Base Imponible de Impuestos en Base a Flujo de Efectivo" NumCta="899.01.99" Haber="0.69" Debe="0.00">
          </PLZ:Transaccion>
        <PLZ:Transaccion Concepto="Pago efectivo - cons/2024/02/0005" DesCta="Base Imponible de Impuestos en Base a Flujo de Efectivo" NumCta="899.01.99" Haber="0.00" Debe="0.69">
          </PLZ:Transaccion>
    </PLZ:Poliza>
    <PLZ:Poliza Fecha="2024-02-29" Concepto="Pago efectivo" NumUnIdenPol="CBMX/2024/02/0094">
        <PLZ:Transaccion Concepto="Pago efectivo - 16%" DesCta="IVA pendiente de pago" NumCta="119.01.01" Haber="0.11" Debe="0.00">
          </PLZ:Transaccion>
        <PLZ:Transaccion Concepto="Pago efectivo - 16%" DesCta="IVA acreditable pagado" NumCta="118.01.01" Haber="0.00" Debe="0.11">
          </PLZ:Transaccion>
        <PLZ:Transaccion Concepto="Pago efectivo - cons/2024/02/0005" DesCta="Base Imponible de Impuestos en Base a Flujo de Efectivo" NumCta="899.01.99" Haber="0.69" Debe="0.00">
          </PLZ:Transaccion>
        <PLZ:Transaccion Concepto="Pago efectivo - cons/2024/02/0005" DesCta="Base Imponible de Impuestos en Base a Flujo de Efectivo" NumCta="899.01.99" Haber="0.00" Debe="0.69">
          </PLZ:Transaccion>
    </PLZ:Poliza>
    <PLZ:Poliza Fecha="2024-02-29" Concepto="Pago efectivo" NumUnIdenPol="CBMX/2024/02/0095">
        <PLZ:Transaccion Concepto="Pago efectivo - 16%" DesCta="IVA pendiente de pago" NumCta="119.01.01" Haber="0.11" Debe="0.00">
          </PLZ:Transaccion>
        <PLZ:Transaccion Concepto="Pago efectivo - 16%" DesCta="IVA acreditable pagado" NumCta="118.01.01" Haber="0.00" Debe="0.11">
          </PLZ:Transaccion>
        <PLZ:Transaccion Concepto="Pago efectivo - cons/2024/02/0005" DesCta="Base Imponible de Impuestos en Base a Flujo de Efectivo" NumCta="899.01.99" Haber="0.69" Debe="0.00">
          </PLZ:Transaccion>
        <PLZ:Transaccion Concepto="Pago efectivo - cons/2024/02/0005" DesCta="Base Imponible de Impuestos en Base a Flujo de Efectivo" NumCta="899.01.99" Haber="0.00" Debe="0.69">
          </PLZ:Transaccion>
    </PLZ:Poliza>
    <PLZ:Poliza Fecha="2024-02-29" Concepto="Pago efectivo" NumUnIdenPol="CBMX/2024/02/0096">
        <PLZ:Transaccion Concepto="Pago efectivo - 16%" DesCta="IVA pendiente de pago" NumCta="119.01.01" Haber="0.11" Debe="0.00">
          </PLZ:Transaccion>
        <PLZ:Transaccion Concepto="Pago efectivo - 16%" DesCta="IVA acreditable pagado" NumCta="118.01.01" Haber="0.00" Debe="0.11">
          </PLZ:Transaccion>
        <PLZ:Transaccion Concepto="Pago efectivo - cons/2024/02/0005" DesCta="Base Imponible de Impuestos en Base a Flujo de Efectivo" NumCta="899.01.99" Haber="0.69" Debe="0.00">
          </PLZ:Transaccion>
        <PLZ:Transaccion Concepto="Pago efectivo - cons/2024/02/0005" DesCta="Base Imponible de Impuestos en Base a Flujo de Efectivo" NumCta="899.01.99" Haber="0.00" Debe="0.69">
          </PLZ:Transaccion>
    </PLZ:Poliza>
    <PLZ:Poliza Fecha="2024-02-29" Concepto="Pago efectivo" NumUnIdenPol="CBMX/2024/02/0097">
        <PLZ:Transaccion Concepto="Pago efectivo - 16%" DesCta="IVA pendiente de pago" NumCta="119.01.01" Haber="0.11" Debe="0.00">
          </PLZ:Transaccion>
        <PLZ:Transaccion Concepto="Pago efectivo - 16%" DesCta="IVA acreditable pagado" NumCta="118.01.01" Haber="0.00" Debe="0.11">
          </PLZ:Transaccion>
        <PLZ:Transaccion Concepto="Pago efectivo - cons/2024/02/0005" DesCta="Base Imponible de Impuestos en Base a Flujo de Efectivo" NumCta="899.01.99" Haber="0.69" Debe="0.00">
          </PLZ:Transaccion>
        <PLZ:Transaccion Concepto="Pago efectivo - cons/2024/02/0005" DesCta="Base Imponible de Impuestos en Base a Flujo de Efectivo" NumCta="899.01.99" Haber="0.00" Debe="0.69">
          </PLZ:Transaccion>
    </PLZ:Poliza>
    <PLZ:Poliza Fecha="2024-02-29" Concepto="Banco 5136" NumUnIdenPol="BNK1/2024/00132">
        <PLZ:Transaccion Concepto="Banco 5136 - IVA 00007 OP. EXCEDIDAS A MEMBRESIA 0224" DesCta="Banorte 5136" NumCta="102.01.07" Haber="20.16" Debe="0.00">
          </PLZ:Transaccion>
        <PLZ:Transaccion Concepto="Banco 5136 - cons/2024/02/0005" DesCta="Proveedores nacionales" NumCta="201.01.01" Haber="0.00" Debe="20.16">
          </PLZ:Transaccion>
    </PLZ:Poliza>
    <PLZ:Poliza Fecha="2024-02-29" Concepto="Pago efectivo" NumUnIdenPol="CBMX/2024/02/0098">
        <PLZ:Transaccion Concepto="Pago efectivo - 16%" DesCta="IVA pendiente de pago" NumCta="119.01.01" Haber="2.78" Debe="0.00">
          </PLZ:Transaccion>
        <PLZ:Transaccion Concepto="Pago efectivo - 16%" DesCta="IVA acreditable pagado" NumCta="118.01.01" Haber="0.00" Debe="2.78">
          </PLZ:Transaccion>
        <PLZ:Transaccion Concepto="Pago efectivo - cons/2024/02/0005" DesCta="Base Imponible de Impuestos en Base a Flujo de Efectivo" NumCta="899.01.99" Haber="17.38" Debe="0.00">
          </PLZ:Transaccion>
        <PLZ:Transaccion Concepto="Pago efectivo - cons/2024/02/0005" DesCta="Base Imponible de Impuestos en Base a Flujo de Efectivo" NumCta="899.01.99" Haber="0.00" Debe="17.38">
          </PLZ:Transaccion>
    </PLZ:Poliza>
    <PLZ:Poliza Fecha="2024-02-29" Concepto="Banco 5136" NumUnIdenPol="BNK1/2024/00133">
        <PLZ:Transaccion Concepto="Banco 5136 - COMPRA ORDEN DE PAGO SPEI 0010324 =REFERENCIA CTA/CLABE: 012334015510711033, BXI SPEI BCO:012 BENEF:Roman Nava Escot (DATO NO VERIF POR ESTA INST), Pisos Epox CVE RASTREO: [...]" DesCta="Banorte 5136" NumCta="102.01.07" Haber="20000.00" Debe="0.00">
          </PLZ:Transaccion>
        <PLZ:Transaccion Concepto="Banco 5136 - cons/2024/03/0036" DesCta="Proveedores nacionales" NumCta="201.01.01" Haber="0.00" Debe="20000.00">
          </PLZ:Transaccion>
    </PLZ:Poliza>
    <PLZ:Poliza Fecha="2024-02-29" Concepto="Pago efectivo" NumUnIdenPol="CBMX/2024/02/0099">
        <PLZ:Transaccion Concepto="Pago efectivo - 16%" DesCta="IVA pendiente de pago" NumCta="119.01.01" Haber="271.04" Debe="0.00">
          </PLZ:Transaccion>
        <PLZ:Transaccion Concepto="Pago efectivo - 16%" DesCta="IVA acreditable pagado" NumCta="118.01.01" Haber="0.00" Debe="271.04">
          </PLZ:Transaccion>
        <PLZ:Transaccion Concepto="Pago efectivo - cons/2024/02/0020" DesCta="Base Imponible de Impuestos en Base a Flujo de Efectivo" NumCta="899.01.99" Haber="1693.99" Debe="0.00">
          </PLZ:Transaccion>
        <PLZ:Transaccion Concepto="Pago efectivo - cons/2024/02/0020" DesCta="Base Imponible de Impuestos en Base a Flujo de Efectivo" NumCta="899.01.99" Haber="0.00" Debe="1693.99">
          </PLZ:Transaccion>
    </PLZ:Poliza>
    <PLZ:Poliza Fecha="2024-02-29" Concepto="Pago efectivo" NumUnIdenPol="CBMX/2024/02/0100">
        <PLZ:Transaccion Concepto="Pago efectivo - 16%" DesCta="IVA pendiente de pago" NumCta="119.01.01" Haber="270.95" Debe="0.00">
          </PLZ:Transaccion>
        <PLZ:Transaccion Concepto="Pago efectivo - 16%" DesCta="IVA acreditable pagado" NumCta="118.01.01" Haber="0.00" Debe="270.95">
          </PLZ:Transaccion>
        <PLZ:Transaccion Concepto="Pago efectivo - cons/2024/02/0027" DesCta="Base Imponible de Impuestos en Base a Flujo de Efectivo" NumCta="899.01.99" Haber="1693.42" Debe="0.00">
          </PLZ:Transaccion>
        <PLZ:Transaccion Concepto="Pago efectivo - cons/2024/02/0027" DesCta="Base Imponible de Impuestos en Base a Flujo de Efectivo" NumCta="899.01.99" Haber="0.00" Debe="1693.42">
          </PLZ:Transaccion>
    </PLZ:Poliza>
    <PLZ:Poliza Fecha="2024-02-29" Concepto="Pago efectivo" NumUnIdenPol="CBMX/2024/02/0101">
        <PLZ:Transaccion Concepto="Pago efectivo - 16%" DesCta="IVA pendiente de pago" NumCta="119.01.01" Haber="269.23" Debe="0.00">
          </PLZ:Transaccion>
        <PLZ:Transaccion Concepto="Pago efectivo - 16%" DesCta="IVA acreditable pagado" NumCta="118.01.01" Haber="0.00" Debe="269.23">
          </PLZ:Transaccion>
        <PLZ:Transaccion Concepto="Pago efectivo - cons/2024/02/0026" DesCta="Base Imponible de Impuestos en Base a Flujo de Efectivo" NumCta="899.01.99" Haber="1682.70" Debe="0.00">
          </PLZ:Transaccion>
        <PLZ:Transaccion Concepto="Pago efectivo - cons/2024/02/0026" DesCta="Base Imponible de Impuestos en Base a Flujo de Efectivo" NumCta="899.01.99" Haber="0.00" Debe="1682.70">
          </PLZ:Transaccion>
    </PLZ:Poliza>
    <PLZ:Poliza Fecha="2024-02-29" Concepto="Pago efectivo" NumUnIdenPol="CBMX/2024/02/0102">
        <PLZ:Transaccion Concepto="Pago efectivo - 16%" DesCta="IVA pendiente de pago" NumCta="119.01.01" Haber="268.96" Debe="0.00">
          </PLZ:Transaccion>
        <PLZ:Transaccion Concepto="Pago efectivo - 16%" DesCta="IVA acreditable pagado" NumCta="118.01.01" Haber="0.00" Debe="268.96">
          </PLZ:Transaccion>
        <PLZ:Transaccion Concepto="Pago efectivo - cons/2024/02/0018" DesCta="Base Imponible de Impuestos en Base a Flujo de Efectivo" NumCta="899.01.99" Haber="1681.02" Debe="0.00">
          </PLZ:Transaccion>
        <PLZ:Transaccion Concepto="Pago efectivo - cons/2024/02/0018" DesCta="Base Imponible de Impuestos en Base a Flujo de Efectivo" NumCta="899.01.99" Haber="0.00" Debe="1681.02">
          </PLZ:Transaccion>
    </PLZ:Poliza>
    <PLZ:Poliza Fecha="2024-02-29" Concepto="Pago efectivo" NumUnIdenPol="CBMX/2024/02/0103">
        <PLZ:Transaccion Concepto="Pago efectivo - 16%" DesCta="IVA pendiente de pago" NumCta="119.01.01" Haber="262.67" Debe="0.00">
          </PLZ:Transaccion>
        <PLZ:Transaccion Concepto="Pago efectivo - 16%" DesCta="IVA acreditable pagado" NumCta="118.01.01" Haber="0.00" Debe="262.67">
          </PLZ:Transaccion>
        <PLZ:Transaccion Concepto="Pago efectivo - cons/2024/02/0042" DesCta="Base Imponible de Impuestos en Base a Flujo de Efectivo" NumCta="899.01.99" Haber="1641.66" Debe="0.00">
          </PLZ:Transaccion>
        <PLZ:Transaccion Concepto="Pago efectivo - cons/2024/02/0042" DesCta="Base Imponible de Impuestos en Base a Flujo de Efectivo" NumCta="899.01.99" Haber="0.00" Debe="1641.66">
          </PLZ:Transaccion>
    </PLZ:Poliza>
    <PLZ:Poliza Fecha="2024-02-29" Concepto="Pago efectivo" NumUnIdenPol="CBMX/2024/02/0104">
        <PLZ:Transaccion Concepto="Pago efectivo - 16%" DesCta="IVA pendiente de pago" NumCta="119.01.01" Haber="258.55" Debe="0.00">
          </PLZ:Transaccion>
        <PLZ:Transaccion Concepto="Pago efectivo - 16%" DesCta="IVA acreditable pagado" NumCta="118.01.01" Haber="0.00" Debe="258.55">
          </PLZ:Transaccion>
        <PLZ:Transaccion Concepto="Pago efectivo - cons/2024/02/0043" DesCta="Base Imponible de Impuestos en Base a Flujo de Efectivo" NumCta="899.01.99" Haber="1615.95" Debe="0.00">
          </PLZ:Transaccion>
        <PLZ:Transaccion Concepto="Pago efectivo - cons/2024/02/0043" DesCta="Base Imponible de Impuestos en Base a Flujo de Efectivo" NumCta="899.01.99" Haber="0.00" Debe="1615.95">
          </PLZ:Transaccion>
    </PLZ:Poliza>
    <PLZ:Poliza Fecha="2024-02-29" Concepto="Pago efectivo" NumUnIdenPol="CBMX/2024/02/0105">
        <PLZ:Transaccion Concepto="Pago efectivo - 16%" DesCta="IVA pendiente de pago" NumCta="119.01.01" Haber="248.72" Debe="0.00">
          </PLZ:Transaccion>
        <PLZ:Transaccion Concepto="Pago efectivo - 16%" DesCta="IVA acreditable pagado" NumCta="118.01.01" Haber="0.00" Debe="248.72">
          </PLZ:Transaccion>
        <PLZ:Transaccion Concepto="Pago efectivo - cons/2024/02/0044" DesCta="Base Imponible de Impuestos en Base a Flujo de Efectivo" NumCta="899.01.99" Haber="1554.48" Debe="0.00">
          </PLZ:Transaccion>
        <PLZ:Transaccion Concepto="Pago efectivo - cons/2024/02/0044" DesCta="Base Imponible de Impuestos en Base a Flujo de Efectivo" NumCta="899.01.99" Haber="0.00" Debe="1554.48">
          </PLZ:Transaccion>
    </PLZ:Poliza>
    <PLZ:Poliza Fecha="2024-02-29" Concepto="Pago efectivo" NumUnIdenPol="CBMX/2024/02/0106">
        <PLZ:Transaccion Concepto="Pago efectivo - 16%" DesCta="IVA pendiente de pago" NumCta="119.01.01" Haber="67.19" Debe="0.00">
          </PLZ:Transaccion>
        <PLZ:Transaccion Concepto="Pago efectivo - 16%" DesCta="IVA acreditable pagado" NumCta="118.01.01" Haber="0.00" Debe="67.19">
          </PLZ:Transaccion>
        <PLZ:Transaccion Concepto="Pago efectivo - cons/2024/02/0039" DesCta="Base Imponible de Impuestos en Base a Flujo de Efectivo" NumCta="899.01.99" Haber="419.96" Debe="0.00">
          </PLZ:Transaccion>
        <PLZ:Transaccion Concepto="Pago efectivo - cons/2024/02/0039" DesCta="Base Imponible de Impuestos en Base a Flujo de Efectivo" NumCta="899.01.99" Haber="0.00" Debe="419.96">
          </PLZ:Transaccion>
    </PLZ:Poliza>
    <PLZ:Poliza Fecha="2024-02-29" Concepto="Pago efectivo" NumUnIdenPol="CBMX/2024/02/0107">
        <PLZ:Transaccion Concepto="Pago efectivo - 16%" DesCta="IVA pendiente de pago" NumCta="119.01.01" Haber="179.31" Debe="0.00">
          </PLZ:Transaccion>
        <PLZ:Transaccion Concepto="Pago efectivo - 16%" DesCta="IVA acreditable pagado" NumCta="118.01.01" Haber="0.00" Debe="179.31">
          </PLZ:Transaccion>
        <PLZ:Transaccion Concepto="Pago efectivo - cons/2024/02/0019" DesCta="Base Imponible de Impuestos en Base a Flujo de Efectivo" NumCta="899.01.99" Haber="1120.68" Debe="0.00">
          </PLZ:Transaccion>
        <PLZ:Transaccion Concepto="Pago efectivo - cons/2024/02/0019" DesCta="Base Imponible de Impuestos en Base a Flujo de Efectivo" NumCta="899.01.99" Haber="0.00" Debe="1120.68">
          </PLZ:Transaccion>
    </PLZ:Poliza>
    <PLZ:Poliza Fecha="2024-02-29" Concepto="Pago efectivo" NumUnIdenPol="CBMX/2024/02/0108">
        <PLZ:Transaccion Concepto="Pago efectivo - 16%" DesCta="IVA pendiente de pago" NumCta="119.01.01" Haber="235.52" Debe="0.00">
          </PLZ:Transaccion>
        <PLZ:Transaccion Concepto="Pago efectivo - 16%" DesCta="IVA acreditable pagado" NumCta="118.01.01" Haber="0.00" Debe="235.52">
          </PLZ:Transaccion>
        <PLZ:Transaccion Concepto="Pago efectivo - cons/2024/02/0036" DesCta="Base Imponible de Impuestos en Base a Flujo de Efectivo" NumCta="899.01.99" Haber="1472.01" Debe="0.00">
          </PLZ:Transaccion>
        <PLZ:Transaccion Concepto="Pago efectivo - cons/2024/02/0036" DesCta="Base Imponible de Impuestos en Base a Flujo de Efectivo" NumCta="899.01.99" Haber="0.00" Debe="1472.01">
          </PLZ:Transaccion>
    </PLZ:Poliza>
    <PLZ:Poliza Fecha="2024-02-29" Concepto="Pago efectivo" NumUnIdenPol="CBMX/2024/02/0109">
        <PLZ:Transaccion Concepto="Pago efectivo - 16%" DesCta="IVA pendiente de pago" NumCta="119.01.01" Haber="248.72" Debe="0.00">
          </PLZ:Transaccion>
        <PLZ:Transaccion Concepto="Pago efectivo - 16%" DesCta="IVA acreditable pagado" NumCta="118.01.01" Haber="0.00" Debe="248.72">
          </PLZ:Transaccion>
        <PLZ:Transaccion Concepto="Pago efectivo - cons/2024/02/0045" DesCta="Base Imponible de Impuestos en Base a Flujo de Efectivo" NumCta="899.01.99" Haber="1554.48" Debe="0.00">
          </PLZ:Transaccion>
        <PLZ:Transaccion Concepto="Pago efectivo - cons/2024/02/0045" DesCta="Base Imponible de Impuestos en Base a Flujo de Efectivo" NumCta="899.01.99" Haber="0.00" Debe="1554.48">
          </PLZ:Transaccion>
    </PLZ:Poliza>
    <PLZ:Poliza Fecha="2024-02-29" Concepto="Pago efectivo" NumUnIdenPol="CBMX/2024/02/0110">
        <PLZ:Transaccion Concepto="Pago efectivo - 16%" DesCta="IVA pendiente de pago" NumCta="119.01.01" Haber="0.18" Debe="0.00">
          </PLZ:Transaccion>
        <PLZ:Transaccion Concepto="Pago efectivo - 16%" DesCta="IVA acreditable pagado" NumCta="118.01.01" Haber="0.00" Debe="0.18">
          </PLZ:Transaccion>
        <PLZ:Transaccion Concepto="Pago efectivo - cons/2024/02/0015" DesCta="Base Imponible de Impuestos en Base a Flujo de Efectivo" NumCta="899.01.99" Haber="1.13" Debe="0.00">
          </PLZ:Transaccion>
        <PLZ:Transaccion Concepto="Pago efectivo - cons/2024/02/0015" DesCta="Base Imponible de Impuestos en Base a Flujo de Efectivo" NumCta="899.01.99" Haber="0.00" Debe="1.13">
          </PLZ:Transaccion>
    </PLZ:Poliza>
    <PLZ:Poliza Fecha="2024-02-29" Concepto="Pago efectivo" NumUnIdenPol="CBMX/2024/02/0111">
        <PLZ:Transaccion Concepto="Pago efectivo - 16%" DesCta="IVA pendiente de pago" NumCta="119.01.01" Haber="0.02" Debe="0.00">
          </PLZ:Transaccion>
        <PLZ:Transaccion Concepto="Pago efectivo - 16%" DesCta="IVA acreditable pagado" NumCta="118.01.01" Haber="0.00" Debe="0.02">
          </PLZ:Transaccion>
        <PLZ:Transaccion Concepto="Pago efectivo - cons/2024/02/0034" DesCta="Base Imponible de Impuestos en Base a Flujo de Efectivo" NumCta="899.01.99" Haber="0.15" Debe="0.00">
          </PLZ:Transaccion>
        <PLZ:Transaccion Concepto="Pago efectivo - cons/2024/02/0034" DesCta="Base Imponible de Impuestos en Base a Flujo de Efectivo" NumCta="899.01.99" Haber="0.00" Debe="0.15">
          </PLZ:Transaccion>
    </PLZ:Poliza>
    <PLZ:Poliza Fecha="2024-02-29" Concepto="Pago efectivo" NumUnIdenPol="CBMX/2024/02/0112">
        <PLZ:Transaccion Concepto="Pago efectivo - 16%" DesCta="IVA pendiente de pago" NumCta="119.01.01" Haber="0.01" Debe="0.00">
          </PLZ:Transaccion>
        <PLZ:Transaccion Concepto="Pago efectivo - 16%" DesCta="IVA acreditable pagado" NumCta="118.01.01" Haber="0.00" Debe="0.01">
          </PLZ:Transaccion>
        <PLZ:Transaccion Concepto="Pago efectivo - cons/2024/02/0029" DesCta="Base Imponible de Impuestos en Base a Flujo de Efectivo" NumCta="899.01.99" Haber="0.05" Debe="0.00">
          </PLZ:Transaccion>
        <PLZ:Transaccion Concepto="Pago efectivo - cons/2024/02/0029" DesCta="Base Imponible de Impuestos en Base a Flujo de Efectivo" NumCta="899.01.99" Haber="0.00" Debe="0.05">
          </PLZ:Transaccion>
    </PLZ:Poliza>
    <PLZ:Poliza Fecha="2024-02-29" Concepto="Pago efectivo" NumUnIdenPol="CBMX/2024/02/0113">
        <PLZ:Transaccion Concepto="Pago efectivo - 16%" DesCta="IVA pendiente de pago" NumCta="119.01.01" Haber="0.00" Debe="0.00">
          </PLZ:Transaccion>
        <PLZ:Transaccion Concepto="Pago efectivo - 16%" DesCta="IVA acreditable pagado" NumCta="118.01.01" Haber="0.00" Debe="0.00">
          </PLZ:Transaccion>
        <PLZ:Transaccion Concepto="Pago efectivo - cons/2024/02/0030" DesCta="Base Imponible de Impuestos en Base a Flujo de Efectivo" NumCta="899.01.99" Haber="0.03" Debe="0.00">
          </PLZ:Transaccion>
        <PLZ:Transaccion Concepto="Pago efectivo - cons/2024/02/0030" DesCta="Base Imponible de Impuestos en Base a Flujo de Efectivo" NumCta="899.01.99" Haber="0.00" Debe="0.03">
          </PLZ:Transaccion>
    </PLZ:Poliza>
    <PLZ:Poliza Fecha="2024-02-29" Concepto="Pago efectivo" NumUnIdenPol="CBMX/2024/02/0114">
        <PLZ:Transaccion Concepto="Pago efectivo - 16%" DesCta="IVA pendiente de pago" NumCta="119.01.01" Haber="0.00" Debe="0.00">
          </PLZ:Transaccion>
        <PLZ:Transaccion Concepto="Pago efectivo - 16%" DesCta="IVA acreditable pagado" NumCta="118.01.01" Haber="0.00" Debe="0.00">
          </PLZ:Transaccion>
        <PLZ:Transaccion Concepto="Pago efectivo - cons/2024/02/0013" DesCta="Base Imponible de Impuestos en Base a Flujo de Efectivo" NumCta="899.01.99" Haber="0.01" Debe="0.00">
          </PLZ:Transaccion>
        <PLZ:Transaccion Concepto="Pago efectivo - cons/2024/02/0013" DesCta="Base Imponible de Impuestos en Base a Flujo de Efectivo" NumCta="899.01.99" Haber="0.00" Debe="0.01">
          </PLZ:Transaccion>
    </PLZ:Poliza>
    <PLZ:Poliza Fecha="2024-02-29" Concepto="Pago efectivo" NumUnIdenPol="CBMX/2024/02/0115">
        <PLZ:Transaccion Concepto="Pago efectivo - 16%" DesCta="IVA pendiente de pago" NumCta="119.01.01" Haber="0.00" Debe="0.00">
          </PLZ:Transaccion>
        <PLZ:Transaccion Concepto="Pago efectivo - 16%" DesCta="IVA acreditable pagado" NumCta="118.01.01" Haber="0.00" Debe="0.00">
          </PLZ:Transaccion>
        <PLZ:Transaccion Concepto="Pago efectivo - cons/2024/02/0033" DesCta="Base Imponible de Impuestos en Base a Flujo de Efectivo" NumCta="899.01.99" Haber="0.02" Debe="0.00">
          </PLZ:Transaccion>
        <PLZ:Transaccion Concepto="Pago efectivo - cons/2024/02/0033" DesCta="Base Imponible de Impuestos en Base a Flujo de Efectivo" NumCta="899.01.99" Haber="0.00" Debe="0.02">
          </PLZ:Transaccion>
    </PLZ:Poliza>
    <PLZ:Poliza Fecha="2024-02-29" Concepto="Pago efectivo" NumUnIdenPol="CBMX/2024/02/0116">
        <PLZ:Transaccion Concepto="Pago efectivo - 16%" DesCta="IVA pendiente de pago" NumCta="119.01.01" Haber="0.00" Debe="0.00">
          </PLZ:Transaccion>
        <PLZ:Transaccion Concepto="Pago efectivo - 16%" DesCta="IVA acreditable pagado" NumCta="118.01.01" Haber="0.00" Debe="0.00">
          </PLZ:Transaccion>
        <PLZ:Transaccion Concepto="Pago efectivo - cons/2024/02/0035" DesCta="Base Imponible de Impuestos en Base a Flujo de Efectivo" NumCta="899.01.99" Haber="0.01" Debe="0.00">
          </PLZ:Transaccion>
        <PLZ:Transaccion Concepto="Pago efectivo - cons/2024/02/0035" DesCta="Base Imponible de Impuestos en Base a Flujo de Efectivo" NumCta="899.01.99" Haber="0.00" Debe="0.01">
          </PLZ:Transaccion>
    </PLZ:Poliza>
    <PLZ:Poliza Fecha="2024-02-29" Concepto="Pago efectivo" NumUnIdenPol="CBMX/2024/02/0117">
        <PLZ:Transaccion Concepto="Pago efectivo - 16%" DesCta="IVA pendiente de pago" NumCta="119.01.01" Haber="0.00" Debe="0.00">
          </PLZ:Transaccion>
        <PLZ:Transaccion Concepto="Pago efectivo - 16%" DesCta="IVA acreditable pagado" NumCta="118.01.01" Haber="0.00" Debe="0.00">
          </PLZ:Transaccion>
        <PLZ:Transaccion Concepto="Pago efectivo - cons/2024/02/0008" DesCta="Base Imponible de Impuestos en Base a Flujo de Efectivo" NumCta="899.01.99" Haber="0.01" Debe="0.00">
          </PLZ:Transaccion>
        <PLZ:Transaccion Concepto="Pago efectivo - cons/2024/02/0008" DesCta="Base Imponible de Impuestos en Base a Flujo de Efectivo" NumCta="899.01.99" Haber="0.00" Debe="0.01">
          </PLZ:Transaccion>
    </PLZ:Poliza>
    <PLZ:Poliza Fecha="2024-02-29" Concepto="Pago efectivo" NumUnIdenPol="CBMX/2024/02/0118">
        <PLZ:Transaccion Concepto="Pago efectivo - 16%" DesCta="IVA pendiente de pago" NumCta="119.01.01" Haber="334.10" Debe="0.00">
          </PLZ:Transaccion>
        <PLZ:Transaccion Concepto="Pago efectivo - 16%" DesCta="IVA acreditable pagado" NumCta="118.01.01" Haber="0.00" Debe="334.10">
          </PLZ:Transaccion>
        <PLZ:Transaccion Concepto="Pago efectivo - cons/2024/02/0054" DesCta="Base Imponible de Impuestos en Base a Flujo de Efectivo" NumCta="899.01.99" Haber="2088.14" Debe="0.00">
          </PLZ:Transaccion>
        <PLZ:Transaccion Concepto="Pago efectivo - cons/2024/02/0054" DesCta="Base Imponible de Impuestos en Base a Flujo de Efectivo" NumCta="899.01.99" Haber="0.00" Debe="2088.14">
          </PLZ:Transaccion>
    </PLZ:Poliza>
    <PLZ:Poliza Fecha="2024-02-29" Concepto="Pago efectivo" NumUnIdenPol="CBMX/2024/02/0119">
        <PLZ:Transaccion Concepto="Pago efectivo - 16%" DesCta="IVA pendiente de pago" NumCta="119.01.01" Haber="1195.23" Debe="0.00">
          </PLZ:Transaccion>
        <PLZ:Transaccion Concepto="Pago efectivo - 16%" DesCta="IVA acreditable pagado" NumCta="118.01.01" Haber="0.00" Debe="1195.23">
          </PLZ:Transaccion>
        <PLZ:Transaccion Concepto="Pago efectivo - cons/2024/02/0004" DesCta="Base Imponible de Impuestos en Base a Flujo de Efectivo" NumCta="899.01.99" Haber="7669.68" Debe="0.00">
          </PLZ:Transaccion>
        <PLZ:Transaccion Concepto="Pago efectivo - cons/2024/02/0004" DesCta="Base Imponible de Impuestos en Base a Flujo de Efectivo" NumCta="899.01.99" Haber="0.00" Debe="7669.68">
          </PLZ:Transaccion>
    </PLZ:Poliza>
    <PLZ:Poliza Fecha="2024-02-29" Concepto="Pago efectivo" NumUnIdenPol="CBMX/2024/02/0120">
        <PLZ:Transaccion Concepto="Pago efectivo - 16%" DesCta="IVA pendiente de pago" NumCta="119.01.01" Haber="5.42" Debe="0.00">
          </PLZ:Transaccion>
        <PLZ:Transaccion Concepto="Pago efectivo - 16%" DesCta="IVA acreditable pagado" NumCta="118.01.01" Haber="0.00" Debe="5.42">
          </PLZ:Transaccion>
        <PLZ:Transaccion Concepto="Pago efectivo - cons/2024/02/0004" DesCta="Base Imponible de Impuestos en Base a Flujo de Efectivo" NumCta="899.01.99" Haber="34.78" Debe="0.00">
          </PLZ:Transaccion>
        <PLZ:Transaccion Concepto="Pago efectivo - cons/2024/02/0004" DesCta="Base Imponible de Impuestos en Base a Flujo de Efectivo" NumCta="899.01.99" Haber="0.00" Debe="34.78">
          </PLZ:Transaccion>
    </PLZ:Poliza>
    <PLZ:Poliza Fecha="2024-02-29" Concepto="Pago efectivo" NumUnIdenPol="CBMX/2024/02/0121">
        <PLZ:Transaccion Concepto="Pago efectivo - 16%" DesCta="IVA pendiente de pago" NumCta="119.01.01" Haber="1379.31" Debe="0.00">
          </PLZ:Transaccion>
        <PLZ:Transaccion Concepto="Pago efectivo - 16%" DesCta="IVA acreditable pagado" NumCta="118.01.01" Haber="0.00" Debe="1379.31">
          </PLZ:Transaccion>
        <PLZ:Transaccion Concepto="Pago efectivo - cons/2024/02/0016" DesCta="Base Imponible de Impuestos en Base a Flujo de Efectivo" NumCta="899.01.99" Haber="8620.69" Debe="0.00">
          </PLZ:Transaccion>
        <PLZ:Transaccion Concepto="Pago efectivo - cons/2024/02/0016" DesCta="Base Imponible de Impuestos en Base a Flujo de Efectivo" NumCta="899.01.99" Haber="0.00" Debe="8620.69">
          </PLZ:Transaccion>
    </PLZ:Poliza>
    <PLZ:Poliza Fecha="2024-02-29" Concepto="Pago efectivo" NumUnIdenPol="CBMX/2024/02/0122">
        <PLZ:Transaccion Concepto="Pago efectivo - 16%" DesCta="IVA pendiente de pago" NumCta="119.01.01" Haber="1271.58" Debe="0.00">
          </PLZ:Transaccion>
        <PLZ:Transaccion Concepto="Pago efectivo - 16%" DesCta="IVA acreditable pagado" NumCta="118.01.01" Haber="0.00" Debe="1271.58">
          </PLZ:Transaccion>
        <PLZ:Transaccion Concepto="Pago efectivo - cons/2024/02/0017" DesCta="Base Imponible de Impuestos en Base a Flujo de Efectivo" NumCta="899.01.99" Haber="7947.40" Debe="0.00">
          </PLZ:Transaccion>
        <PLZ:Transaccion Concepto="Pago efectivo - cons/2024/02/0017" DesCta="Base Imponible de Impuestos en Base a Flujo de Efectivo" NumCta="899.01.99" Haber="0.00" Debe="7947.40">
          </PLZ:Transaccion>
    </PLZ:Poliza>
    <PLZ:Poliza Fecha="2024-02-29" Concepto="Pago efectivo" NumUnIdenPol="CBMX/2024/02/0123">
        <PLZ:Transaccion Concepto="Pago efectivo - 16%" DesCta="IVA pendiente de pago" NumCta="119.01.01" Haber="108.59" Debe="0.00">
          </PLZ:Transaccion>
        <PLZ:Transaccion Concepto="Pago efectivo - 16%" DesCta="IVA acreditable pagado" NumCta="118.01.01" Haber="0.00" Debe="108.59">
          </PLZ:Transaccion>
        <PLZ:Transaccion Concepto="Pago efectivo - cons/2024/02/0016" DesCta="Base Imponible de Impuestos en Base a Flujo de Efectivo" NumCta="899.01.99" Haber="678.71" Debe="0.00">
          </PLZ:Transaccion>
        <PLZ:Transaccion Concepto="Pago efectivo - cons/2024/02/0016" DesCta="Base Imponible de Impuestos en Base a Flujo de Efectivo" NumCta="899.01.99" Haber="0.00" Debe="678.71">
          </PLZ:Transaccion>
    </PLZ:Poliza>
    <PLZ:Poliza Fecha="2024-02-29" Concepto="Pago efectivo" NumUnIdenPol="CBMX/2024/02/0124">
        <PLZ:Transaccion Concepto="Pago efectivo - 16%" DesCta="IVA pendiente de pago" NumCta="119.01.01" Haber="114.85" Debe="0.00">
          </PLZ:Transaccion>
        <PLZ:Transaccion Concepto="Pago efectivo - 16%" DesCta="IVA acreditable pagado" NumCta="118.01.01" Haber="0.00" Debe="114.85">
          </PLZ:Transaccion>
        <PLZ:Transaccion Concepto="Pago efectivo - cons/2024/02/0017" DesCta="Base Imponible de Impuestos en Base a Flujo de Efectivo" NumCta="899.01.99" Haber="717.85" Debe="0.00">
          </PLZ:Transaccion>
        <PLZ:Transaccion Concepto="Pago efectivo - cons/2024/02/0017" DesCta="Base Imponible de Impuestos en Base a Flujo de Efectivo" NumCta="899.01.99" Haber="0.00" Debe="717.85">
          </PLZ:Transaccion>
    </PLZ:Poliza>
    <PLZ:Poliza Fecha="2024-02-29" Concepto="Pago efectivo" NumUnIdenPol="CBMX/2024/02/0125">
        <PLZ:Transaccion Concepto="Pago efectivo - 16%" DesCta="IVA pendiente de pago" NumCta="119.01.01" Haber="17.88" Debe="0.00">
          </PLZ:Transaccion>
        <PLZ:Transaccion Concepto="Pago efectivo - 16%" DesCta="IVA acreditable pagado" NumCta="118.01.01" Haber="0.00" Debe="17.88">
          </PLZ:Transaccion>
        <PLZ:Transaccion Concepto="Pago efectivo - cons/2024/02/0017" DesCta="Base Imponible de Impuestos en Base a Flujo de Efectivo" NumCta="899.01.99" Haber="111.77" Debe="0.00">
          </PLZ:Transaccion>
        <PLZ:Transaccion Concepto="Pago efectivo - cons/2024/02/0017" DesCta="Base Imponible de Impuestos en Base a Flujo de Efectivo" NumCta="899.01.99" Haber="0.00" Debe="111.77">
          </PLZ:Transaccion>
    </PLZ:Poliza>
    <PLZ:Poliza Fecha="2024-02-29" Concepto="Pago efectivo" NumUnIdenPol="CBMX/2024/02/0126">
        <PLZ:Transaccion Concepto="Pago efectivo - 16%" DesCta="IVA pendiente de pago" NumCta="119.01.01" Haber="6.79" Debe="0.00">
          </PLZ:Transaccion>
        <PLZ:Transaccion Concepto="Pago efectivo - 16%" DesCta="IVA acreditable pagado" NumCta="118.01.01" Haber="0.00" Debe="6.79">
          </PLZ:Transaccion>
        <PLZ:Transaccion Concepto="Pago efectivo - cons/2024/02/0017" DesCta="Base Imponible de Impuestos en Base a Flujo de Efectivo" NumCta="899.01.99" Haber="42.46" Debe="0.00">
          </PLZ:Transaccion>
        <PLZ:Transaccion Concepto="Pago efectivo - cons/2024/02/0017" DesCta="Base Imponible de Impuestos en Base a Flujo de Efectivo" NumCta="899.01.99" Haber="0.00" Debe="42.46">
          </PLZ:Transaccion>
    </PLZ:Poliza>
    <PLZ:Poliza Fecha="2024-02-29" Concepto="Pago efectivo" NumUnIdenPol="CBMX/2024/02/0127">
        <PLZ:Transaccion Concepto="Pago efectivo - 16%" DesCta="IVA pendiente de pago" NumCta="119.01.01" Haber="33.13" Debe="0.00">
          </PLZ:Transaccion>
        <PLZ:Transaccion Concepto="Pago efectivo - 16%" DesCta="IVA acreditable pagado" NumCta="118.01.01" Haber="0.00" Debe="33.13">
          </PLZ:Transaccion>
        <PLZ:Transaccion Concepto="Pago efectivo - cons/2024/02/0017" DesCta="Base Imponible de Impuestos en Base a Flujo de Efectivo" NumCta="899.01.99" Haber="207.07" Debe="0.00">
          </PLZ:Transaccion>
        <PLZ:Transaccion Concepto="Pago efectivo - cons/2024/02/0017" DesCta="Base Imponible de Impuestos en Base a Flujo de Efectivo" NumCta="899.01.99" Haber="0.00" Debe="207.07">
          </PLZ:Transaccion>
    </PLZ:Poliza>
    <PLZ:Poliza Fecha="2024-02-29" Concepto="Pago efectivo" NumUnIdenPol="CBMX/2024/02/0128">
        <PLZ:Transaccion Concepto="Pago efectivo - 16%" DesCta="IVA pendiente de pago" NumCta="119.01.01" Haber="43.56" Debe="0.00">
          </PLZ:Transaccion>
        <PLZ:Transaccion Concepto="Pago efectivo - 16%" DesCta="IVA acreditable pagado" NumCta="118.01.01" Haber="0.00" Debe="43.56">
          </PLZ:Transaccion>
        <PLZ:Transaccion Concepto="Pago efectivo - cons/2024/02/0017" DesCta="Base Imponible de Impuestos en Base a Flujo de Efectivo" NumCta="899.01.99" Haber="272.24" Debe="0.00">
          </PLZ:Transaccion>
        <PLZ:Transaccion Concepto="Pago efectivo - cons/2024/02/0017" DesCta="Base Imponible de Impuestos en Base a Flujo de Efectivo" NumCta="899.01.99" Haber="0.00" Debe="272.24">
          </PLZ:Transaccion>
    </PLZ:Poliza>
    <PLZ:Poliza Fecha="2024-02-29" Concepto="Pago efectivo" NumUnIdenPol="CBMX/2024/02/0129">
        <PLZ:Transaccion Concepto="Pago efectivo - Diferencia por redondeo de base de efectivo" DesCta="Base Imponible de Impuestos en Base a Flujo de Efectivo" NumCta="899.01.99" Haber="0.02" Debe="0.00">
          </PLZ:Transaccion>
        <PLZ:Transaccion Concepto="Pago efectivo - Diferencia por redondeo de base de efectivo" DesCta="Base Imponible de Impuestos en Base a Flujo de Efectivo" NumCta="899.01.99" Haber="0.00" Debe="0.02">
          </PLZ:Transaccion>
        <PLZ:Transaccion Concepto="Pago efectivo - Diferencia por redondeo de base de efectivo" DesCta="IVA acreditable pagado" NumCta="118.01.01" Haber="0.00" Debe="0.01">
          </PLZ:Transaccion>
        <PLZ:Transaccion Concepto="Pago efectivo - Diferencia por redondeo de base de efectivo" DesCta="IVA pendiente de pago" NumCta="119.01.01" Haber="0.01" Debe="0.00">
          </PLZ:Transaccion>
    </PLZ:Poliza>
    <PLZ:Poliza Fecha="2024-02-29" Concepto="Banco 5136" NumUnIdenPol="BNK1/2024/00120">
        <PLZ:Transaccion Concepto="Banco 5136 - COMPRA ORDEN DE PAGO SPEI 0290224 REFERENCIA CTA/CLABE: 4152313922011718 BXI SPEI BCO:012 BENEF:ED CORONA (DATO NO VERIF POR ESTA INST), eD CVE RASTREO: 7875APR1202402292887908730 [...]" DesCta="Banorte 5136" NumCta="102.01.07" Haber="3000.00" Debe="0.00">
          </PLZ:Transaccion>
        <PLZ:Transaccion Concepto="Banco 5136 - cons/2023/11/0001" DesCta="Proveedores nacionales" NumCta="201.01.01" Haber="0.00" Debe="1154.50">
          </PLZ:Transaccion>
        <PLZ:Transaccion Concepto="Banco 5136 - cons/2024/01/0006" DesCta="Proveedores nacionales" NumCta="201.01.01" Haber="0.00" Debe="762.92">
          </PLZ:Transaccion>
        <PLZ:Transaccion Concepto="Banco 5136 - cons/2024/01/0051" DesCta="Proveedores nacionales" NumCta="201.01.01" Haber="0.00" Debe="725.01">
          </PLZ:Transaccion>
        <PLZ:Transaccion Concepto="Banco 5136 - cons/2024/01/0052" DesCta="Proveedores nacionales" NumCta="201.01.01" Haber="0.00" Debe="357.57">
          </PLZ:Transaccion>
    </PLZ:Poliza>
    <PLZ:Poliza Fecha="2024-02-29" Concepto="Pago efectivo" NumUnIdenPol="CBMX/2024/02/0140">
        <PLZ:Transaccion Concepto="Pago efectivo - 16%" DesCta="IVA pendiente de pago" NumCta="119.01.01" Haber="159.24" Debe="0.00">
          </PLZ:Transaccion>
        <PLZ:Transaccion Concepto="Pago efectivo - 16%" DesCta="IVA acreditable pagado" NumCta="118.01.01" Haber="0.00" Debe="159.24">
          </PLZ:Transaccion>
        <PLZ:Transaccion Concepto="Pago efectivo - cons/2023/11/0001" DesCta="Base Imponible de Impuestos en Base a Flujo de Efectivo" NumCta="899.01.99" Haber="995.26" Debe="0.00">
          </PLZ:Transaccion>
        <PLZ:Transaccion Concepto="Pago efectivo - cons/2023/11/0001" DesCta="Base Imponible de Impuestos en Base a Flujo de Efectivo" NumCta="899.01.99" Haber="0.00" Debe="995.26">
          </PLZ:Transaccion>
    </PLZ:Poliza>
    <PLZ:Poliza Fecha="2024-02-29" Concepto="Pago efectivo" NumUnIdenPol="CBMX/2024/02/0141">
        <PLZ:Transaccion Concepto="Pago efectivo - 16%" DesCta="IVA pendiente de pago" NumCta="119.01.01" Haber="105.23" Debe="0.00">
          </PLZ:Transaccion>
        <PLZ:Transaccion Concepto="Pago efectivo - 16%" DesCta="IVA acreditable pagado" NumCta="118.01.01" Haber="0.00" Debe="105.23">
          </PLZ:Transaccion>
        <PLZ:Transaccion Concepto="Pago efectivo - cons/2024/01/0006" DesCta="Base Imponible de Impuestos en Base a Flujo de Efectivo" NumCta="899.01.99" Haber="657.69" Debe="0.00">
          </PLZ:Transaccion>
        <PLZ:Transaccion Concepto="Pago efectivo - cons/2024/01/0006" DesCta="Base Imponible de Impuestos en Base a Flujo de Efectivo" NumCta="899.01.99" Haber="0.00" Debe="657.69">
          </PLZ:Transaccion>
    </PLZ:Poliza>
    <PLZ:Poliza Fecha="2024-02-29" Concepto="Pago efectivo" NumUnIdenPol="CBMX/2024/02/0142">
        <PLZ:Transaccion Concepto="Pago efectivo - 16%" DesCta="IVA pendiente de pago" NumCta="119.01.01" Haber="100.00" Debe="0.00">
          </PLZ:Transaccion>
        <PLZ:Transaccion Concepto="Pago efectivo - 16%" DesCta="IVA acreditable pagado" NumCta="118.01.01" Haber="0.00" Debe="100.00">
          </PLZ:Transaccion>
        <PLZ:Transaccion Concepto="Pago efectivo - cons/2024/01/0051" DesCta="Base Imponible de Impuestos en Base a Flujo de Efectivo" NumCta="899.01.99" Haber="625.01" Debe="0.00">
          </PLZ:Transaccion>
        <PLZ:Transaccion Concepto="Pago efectivo - cons/2024/01/0051" DesCta="Base Imponible de Impuestos en Base a Flujo de Efectivo" NumCta="899.01.99" Haber="0.00" Debe="625.01">
          </PLZ:Transaccion>
    </PLZ:Poliza>
    <PLZ:Poliza Fecha="2024-02-29" Concepto="Pago efectivo" NumUnIdenPol="CBMX/2024/02/0143">
        <PLZ:Transaccion Concepto="Pago efectivo - 16%" DesCta="IVA pendiente de pago" NumCta="119.01.01" Haber="49.32" Debe="0.00">
          </PLZ:Transaccion>
        <PLZ:Transaccion Concepto="Pago efectivo - 16%" DesCta="IVA acreditable pagado" NumCta="118.01.01" Haber="0.00" Debe="49.32">
          </PLZ:Transaccion>
        <PLZ:Transaccion Concepto="Pago efectivo - cons/2024/01/0052" DesCta="Base Imponible de Impuestos en Base a Flujo de Efectivo" NumCta="899.01.99" Haber="308.25" Debe="0.00">
          </PLZ:Transaccion>
        <PLZ:Transaccion Concepto="Pago efectivo - cons/2024/01/0052" DesCta="Base Imponible de Impuestos en Base a Flujo de Efectivo" NumCta="899.01.99" Haber="0.00" Debe="308.25">
          </PLZ:Transaccion>
    </PLZ:Poliza>
    <PLZ:Poliza Fecha="2024-02-29" Concepto="Banco 5136" NumUnIdenPol="BNK1/2024/00123">
        <PLZ:Transaccion Concepto="Banco 5136 - COMPRA ORDEN DE PAGO SPEI 0290224 =REFERENCIA CTA/CLABE: 021512040694741956, BXI SPEI BCO:021 BENEF:Cristian Mora (DATO NO VERIF POR ESTA INST), Madereria mora CVE RASTREO: [...]" DesCta="Banorte 5136" NumCta="102.01.07" Haber="10787.00" Debe="0.00">
          </PLZ:Transaccion>
        <PLZ:Transaccion Concepto="Banco 5136 - cons/2023/08/0042" DesCta="Proveedores nacionales" NumCta="201.01.01" Haber="0.00" Debe="10786.25">
          </PLZ:Transaccion>
        <PLZ:Transaccion Concepto="Banco 5136 - cons/2024/09/0037" DesCta="Proveedores nacionales" NumCta="201.01.01" Haber="0.00" Debe="0.02">
          </PLZ:Transaccion>
        <PLZ:Transaccion Concepto="Banco 5136 - cons/2024/10/0048" DesCta="Proveedores nacionales" NumCta="201.01.01" Haber="0.00" Debe="0.21">
          </PLZ:Transaccion>
        <PLZ:Transaccion Concepto="Banco 5136 - cons/2024/10/0052" DesCta="Proveedores nacionales" NumCta="201.01.01" Haber="0.00" Debe="0.17">
          </PLZ:Transaccion>
        <PLZ:Transaccion Concepto="Banco 5136 - cons/2024/10/0053" DesCta="Proveedores nacionales" NumCta="201.01.01" Haber="0.00" Debe="0.35">
          </PLZ:Transaccion>
    </PLZ:Poliza>
    <PLZ:Poliza Fecha="2024-02-29" Concepto="Pago efectivo" NumUnIdenPol="CBMX/2024/02/0144">
        <PLZ:Transaccion Concepto="Pago efectivo - 16%" DesCta="IVA pendiente de pago" NumCta="119.01.01" Haber="1487.76" Debe="0.00">
          </PLZ:Transaccion>
        <PLZ:Transaccion Concepto="Pago efectivo - 16%" DesCta="IVA acreditable pagado" NumCta="118.01.01" Haber="0.00" Debe="1487.76">
          </PLZ:Transaccion>
        <PLZ:Transaccion Concepto="Pago efectivo - cons/2023/08/0042" DesCta="Base Imponible de Impuestos en Base a Flujo de Efectivo" NumCta="899.01.99" Haber="9298.50" Debe="0.00">
          </PLZ:Transaccion>
        <PLZ:Transaccion Concepto="Pago efectivo - cons/2023/08/0042" DesCta="Base Imponible de Impuestos en Base a Flujo de Efectivo" NumCta="899.01.99" Haber="0.00" Debe="9298.50">
          </PLZ:Transaccion>
    </PLZ:Poliza>
    <PLZ:Poliza Fecha="2024-02-29" Concepto="Banco 5136" NumUnIdenPol="BNK1/2024/00126">
        <PLZ:Transaccion Concepto="Banco 5136 - COMPRA ORDEN DE PAGO SPEI 0290224 =REFERENCIA CTA/CLABE: 021512040694741956, BXI SPEI BCO:021 BENEF:Cristian Mora (DATO NO VERIF POR ESTA INST), Madereria Mora CVE RASTREO: [...]" DesCta="Banorte 5136" NumCta="102.01.07" Haber="10786.00" Debe="0.00">
          </PLZ:Transaccion>
        <PLZ:Transaccion Concepto="Banco 5136 - cons/2023/08/0042" DesCta="Proveedores nacionales" NumCta="201.01.01" Haber="0.00" Debe="10786.00">
          </PLZ:Transaccion>
    </PLZ:Poliza>
    <PLZ:Poliza Fecha="2024-02-29" Concepto="Pago efectivo" NumUnIdenPol="CBMX/2024/02/0145">
        <PLZ:Transaccion Concepto="Pago efectivo - 16%" DesCta="IVA pendiente de pago" NumCta="119.01.01" Haber="1487.73" Debe="0.00">
          </PLZ:Transaccion>
        <PLZ:Transaccion Concepto="Pago efectivo - 16%" DesCta="IVA acreditable pagado" NumCta="118.01.01" Haber="0.00" Debe="1487.73">
          </PLZ:Transaccion>
        <PLZ:Transaccion Concepto="Pago efectivo - cons/2023/08/0042" DesCta="Base Imponible de Impuestos en Base a Flujo de Efectivo" NumCta="899.01.99" Haber="9298.27" Debe="0.00">
          </PLZ:Transaccion>
        <PLZ:Transaccion Concepto="Pago efectivo - cons/2023/08/0042" DesCta="Base Imponible de Impuestos en Base a Flujo de Efectivo" NumCta="899.01.99" Haber="0.00" Debe="9298.27">
          </PLZ:Transaccion>
    </PLZ:Poliza>
    <PLZ:Poliza Fecha="2024-02-29" Concepto="Pago efectivo" NumUnIdenPol="CBMX/2024/02/0173">
        <PLZ:Transaccion Concepto="Pago efectivo - Diferencia por redondeo de base de efectivo" DesCta="Base Imponible de Impuestos en Base a Flujo de Efectivo" NumCta="899.01.99" Haber="0.01" Debe="0.00">
          </PLZ:Transaccion>
        <PLZ:Transaccion Concepto="Pago efectivo - Diferencia por redondeo de base de efectivo" DesCta="Base Imponible de Impuestos en Base a Flujo de Efectivo" NumCta="899.01.99" Haber="0.00" Debe="0.01">
          </PLZ:Transaccion>
        <PLZ:Transaccion Concepto="Pago efectivo - Diferencia por redondeo de base de efectivo" DesCta="IVA acreditable pagado" NumCta="118.01.01" Haber="0.01" Debe="0.00">
          </PLZ:Transaccion>
        <PLZ:Transaccion Concepto="Pago efectivo - Diferencia por redondeo de base de efectivo" DesCta="IVA pendiente de pago" NumCta="119.01.01" Haber="0.00" Debe="0.01">
          </PLZ:Transaccion>
    </PLZ:Poliza>
    <PLZ:Poliza Fecha="2024-02-29" Concepto="Pago efectivo" NumUnIdenPol="CBMX/2024/02/0207">
        <PLZ:Transaccion Concepto="Pago efectivo - Diferencia por redondeo de base de efectivo" DesCta="IVA acreditable pagado" NumCta="118.01.01" Haber="0.01" Debe="0.00">
          </PLZ:Transaccion>
        <PLZ:Transaccion Concepto="Pago efectivo - Diferencia por redondeo de base de efectivo" DesCta="IVA pendiente de pago" NumCta="119.01.01" Haber="0.00" Debe="0.01">
          </PLZ:Transaccion>
    </PLZ:Poliza>
    <PLZ:Poliza Fecha="2024-02-29" Concepto="Pago efectivo" NumUnIdenPol="CBMX/2024/02/0210">
        <PLZ:Transaccion Concepto="Pago efectivo - 16%" DesCta="IVA trasladado no cobrado" NumCta="209.01.01" Haber="2291.14" Debe="0.00">
          </PLZ:Transaccion>
        <PLZ:Transaccion Concepto="Pago efectivo - 16%" DesCta="IVA trasladado cobrado" NumCta="208.01.01" Haber="0.00" Debe="2291.14">
          </PLZ:Transaccion>
        <PLZ:Transaccion Concepto="Pago efectivo - MUNICIPIO DE JIQUILPAN MICHOACAN101" DesCta="Base Imponible de Impuestos en Base a Flujo de Efectivo" NumCta="899.01.99" Haber="14319.60" Debe="0.00">
          </PLZ:Transaccion>
        <PLZ:Transaccion Concepto="Pago efectivo - MUNICIPIO DE JIQUILPAN MICHOACAN101" DesCta="Base Imponible de Impuestos en Base a Flujo de Efectivo" NumCta="899.01.99" Haber="0.00" Debe="14319.60">
          </PLZ:Transaccion>
    </PLZ:Poliza>
    <PLZ:Poliza Fecha="2024-02-29" Concepto="Operaciones varias" NumUnIdenPol="VARIO/2024/02/0001">
        <PLZ:Transaccion Concepto="Operaciones varias" DesCta="IVA trasladado cobrado" NumCta="208.01.01" Haber="0.00" Debe="83708.65">
          </PLZ:Transaccion>
        <PLZ:Transaccion Concepto="Operaciones varias" DesCta="IVA acreditable pagado" NumCta="118.01.01" Haber="68526.47" Debe="0.00">
          </PLZ:Transaccion>
        <PLZ:Transaccion Concepto="Operaciones varias" DesCta="IVA a favor" NumCta="113.01.01" Haber="15182.18" Debe="0.00">
          </PLZ:Transaccion>
    </PLZ:Poliza>
</PLZ:Polizas>